Non-Operating Income (Loss),StockBased Compensation,Line of Credit Available,Equity Charge,WACC Discount Factor,Other Accrued Liabilities,Operating Leases,Line of Credit,Total Current Liabilities,BALANCE SHEET,Total Liabilities & Equity,Operating Income,NonCash Items,Days in Period,Net Share Repurchases,"Cash, Cash Equivalents & STI",Misc LT Assets,Rental Expense - Years 2 - 5,"Selling, General & Admin",Revenue,ST Debt,-Net Share Repurchases,LTM Basic EPS,Rental Expense - Year 1,ST Capital Leases,Rental Expense Beyond Year 5,Dep & Amort,Work In Process,Total Liabilities / Tangible Assets,Current Liabilities,Other Adjustments,Free Cash Flow (LTM),Deferred Compensation,Other Operating Expenses,Free Cash Flow to Firm,ST Deferred Tax Assets,Cash (Repurchase) of Equity,Free Cash Flow to Equity,Deferred Tax Liabilities,Repayments of LT Debt,Other PostRet Benefits,Effect of Foreign Exchanges,Income (Loss) from Cont Ops,year + weight + convention,Free Cash Flow to Firm Model,Dividends,Net Extraordinary Losses (Gains),Net Cash From Disc Ops (fin),Period Weight,Pretax Income,LT Marketable Securities,ST Borrowings,Dividend Yield (LTM),Free Cash Flow per Share,LT Receivables,Prepaid Expenses,Cash % of Revenue,Diluted - Basic Shares,Diluted EPS,Operating Margin,Operating Expenses,Line of Credit Used,Interest & Dividends Payable,PP&E Gross,EBITDAR,A = L + SE,Inventories,Discontinued Operations NI,PV of Free Cash Flow to Firm,Pensions,Raw Materials,Other Non-Op Income (Loss),Bull,Discounted Residual Income (Bear)
0.0,0.0,0.0,2011-03-31 00:00:00,0.0,0.0,0.0,0.0,0.0,0.0,0.0,0.0,0.0,0.0,0.0,9.02675,0.0,0.0,0.0,0.0,0.0,0.0,0.0,0.0,0.0,0.0,0.0,8.51575,0.0,0.0,0.0,0.0,0.0,0.0,0.0,0.0,90,0.0,0.0,0.0,0.0,0.0,0.0,0,0.0,0.0,0.0,0.0,0.0,0.0,0.0,0.0,0.0,0.0,0.0,0.0,0.0,0.0,0.0,0.0,0.0,0.0,0.0,0.0,0.0,0.0,115.725,0.0,0.0,0.0,2.8885375,0.0,-91.90475,0.0
0.0,0.0,0.0,2011-06-30 00:00:00,0.0,0.0,0.0,0.0,0.0,0.0,0.0,0.0,0.0,0.0,0.0,8.2975,0.0,0.0,0.0,0.0,0.0,0.0,0.0,0.0,0.0,0.0,0.0,7.2665,0.0,0.0,0.0,0.0,0.0,0.0,0.0,0.0,91,0.0,0.0,0.0,0.0,0.0,0.0,0,0.0,0.0,0.0,0.0,0.0,0.0,0.0,0.0,0.0,0.0,0.0,0.0,0.0,0.0,0.0,0.0,0.0,0.0,0.0,0.0,0.0,0.0,142.998,0.0,0.0,0.0,4.902075,0.0,-94.9595,0.0
0.0,0.0,0.0,2011-09-30 00:00:00,0.0,0.0,0.0,0.0,0.0,0.0,0.0,0.0,0.0,0.0,0.0,7.56825,0.0,0.0,0.0,0.0,0.0,0.0,0.0,0.0,0.0,0.0,0.0,6.01725,0.0,0.0,0.0,0.0,0.0,0.0,0.0,0.0,92,0.0,0.0,0.0,0.0,0.0,0.0,0,0.0,0.0,0.0,0.0,0.0,0.0,0.0,0.0,0.0,0.0,0.0,0.0,0.0,0.0,0.0,0.0,0.0,0.0,0.0,0.0,0.0,0.0,170.271,0.0,0.0,0.0,6.9156125,0.0,-98.01425,0.0
-1.351,520.302016,253.3,2011-12-31 00:00:00,0.0,48.11,0.0,8.322,2.467,-32.289,85.854,-32.289,227.456,7.344,-79.88,6.839,7.599,285.502016,-53.396,61.863,574.078976,58.245848,14.76215,0.0,-148.843008,624.656016,234.8,4.768,-0.135,18.5,-41.588848,-3.928,624.656,-3.902,23.677,0.0329865643757768,92,-11.118,73.255,0.0,576.545976,75.649,-7.94885,0,-2.876,-79.88,-41.588848,-56.351,-41.641,-33.64,7.344,722.921984,-79.88,38.239,7.344,0.0169810585170112,38.765,0.0,-41.588848,0.0,-57.298,339.154,0.0,0.0,-79.88,234.8,197.544,-56.351,0.0,1.879,8.92915,0.0,-101.069,285.502016
-1.683,502.795008,272.896,2012-03-31 00:00:00,0.0,42.309,0.0,49.623,2.037,2.342,147.718,2.342,225.606,9.194,-72.466,12.81925,5.077,267.995008,-6.064,48.41,644.262976,0.0,11.8079,0.0,-176.87,688.609008,234.8,8.0775,0.0,63.096,-5.6991,-0.772,688.609024,-5.376,19.278,0.0,91,4.518,99.902,0.0,646.299976,19.278,-6.3581,0,1.85,-72.466,-5.6991,-17.507,-38.15,0.659,9.194,821.132992,-72.466,34.316,9.194,0.0,40.0,0.0,-5.6991,0.0483784342078083,-11.44,420.614,0.0,0.0,-72.466,209.8,208.9095,-17.507,-38.15,1.663,-29.1671255,0.0,-234.891494,267.995008
-0.847,521.839024,330.628992,2012-06-30 00:00:00,0.0,55.14,537.017024,7.783,9.907,4.064,90.467,4.064,140.011008,11.689,-111.779,18.7995,17.388,370.139024,-4.956,49.259,726.188032,34.65994400000001,-34.659952,0.665,-204.752,791.235016,151.7,11.387,-2.112,178.928992,-147.036944,-4.433,791.235008,-6.272,-53.761,0.0,91,-5.696,90.107,0.0,736.095032,115.837992,-150.253952,0,2.495,-111.779,-147.036944,-112.377,-86.132,3.217,11.689,930.940032,-111.779,25.647,11.689,0.0,88.627,0.0,-147.036944,0.0825026898637812,-11.228,421.095992,0.0,0.0,-111.779,151.7,220.275,-112.377,-169.232,3.66,-67.263401,0.0,-368.713988,370.139024
-0.828,569.365008,389.980992,2012-09-30 00:00:00,0.0,36.274,537.747008,12.377,14.048,3.674,113.239,3.674,211.626,4.674,-100.63,18.725,1.257,353.065008,-7.948,55.498,805.963008,0.0,20.95665,0.665,-235.444,856.285,216.3,14.016,-5.45,173.681,3.15365,5.01,856.284992,-6.45,29.938,0.0,92,2.596,103.995,0.0,820.011008,19.233,0.30765,0,-7.015,-100.63,3.15365,-17.804,-65.913,2.846,4.674,1041.406976,-100.63,34.717,4.674,0.0,58.898,0.0,3.15365,0.0662005838048218,-14.398,503.219992,0.0,0.0,-100.63,216.3,215.019,-17.803,-1.313,13.454,-150.233394,0.0,-232.686,353.065008
-9.396,1337.580992,905.001984,2012-12-31 00:00:00,0.0,89.472,829.672,16.434,27.13,20.68,135.427008,20.68,675.121984,18.878,-488.732992,30.76,22.757,643.580992,-11.573,89.839,1567.408,-8.53645,8.53645,0.666,-274.294016,1684.009984,694.0,18.006,-17.314,211.001992,6.12645,30.18,1684.009984,-6.823,2.131,-0.3231520256429476,92,2.436,127.845,0.0,1594.538,3.583,-5.15755,0,14.204,-488.732992,6.12645,-2.41,-446.164,11.284,18.878,1841.702016,-488.732992,42.569,18.878,-0.1242760563842569,460.368,0.0,6.12645,0.2301895613263727,-18.396,1040.428992,10.815,0.0,-488.732992,694.0,243.006,-2.41,32.536008,25.413,-143.455952,0.0,-636.358976,643.580992
-10.862,1433.574976,1013.540992,2013-03-31 00:00:00,0.0,135.283008,831.124992,16.854,25.968,13.06,168.818,13.06,745.825024,50.625,-132.538,41.478,37.631,637.124992,-11.026,86.142,1658.23296,-5.711,9.828,0.683,-316.270016,1819.483984,796.449984,19.545,-0.368,217.091,1.879,28.27,1819.484032,-5.955,16.358,-0.3096956994956198,90,15.547,155.574,0.0,1684.20096,12.629,-0.319,0,31.747,-132.538,-2.238,-7.949,-70.335,2.198,50.625,1974.50304,-132.538,62.203,50.625,-0.1083515172413124,102.082,0.0,-2.238,0.1516101321074505,-16.981,1182.358992,24.179,0.0,-132.538,796.449984,280.738,-7.949,28.038,24.797,-135.877844,0.0,-668.544,637.124992
-16.616,2163.223936,1741.46496,2013-06-30 00:00:00,0.0,127.598,496.380992,23.705,55.406,9.947,182.304992,9.947,1508.865024,12.285,-748.793984,47.361,31.243,642.073984,-15.272,102.516,2382.840064,10.509,-7.8,0.686,-369.099008,2565.843936,1521.149952,9.659,-24.278,220.315008,-4.462,-1.801,2565.843968,-6.579,-21.899,-0.0003823717385173,91,-27.395,173.422,0.0,2438.246064,-18.136,2.207,0,-38.34,-748.793984,-7.171,3.338,-738.156992,-6.669,12.285,2751.939072,-748.793984,10.637,12.285,0.0039898376224557,699.817024,0.0,-7.171,0.0970287564867923,-21.851,1923.769952,10.72,0.0,-748.793984,1521.149952,333.995,3.338,320.794016,50.775,6.6971,0.0,-1320.568992,642.073984
-25.943,2260.865024,1787.91104,2013-09-30 00:00:00,0.0,165.668,519.108,25.04,58.203,24.692,261.844,24.692,1581.197056,24.953,-177.936992,68.379,20.67,654.715008,-13.911,146.874,2480.59904,0.0,23.11595,0.686,-443.852,2704.470048,1606.150016,5.562,-1.496,181.761008,-0.802,60.864,2704.470016,-11.277,37.207,-0.0193264859823488,92,30.012,233.381008,0.0,2538.80204,25.906,0.449,0,12.668,-177.936992,-3.05905,-23.606,-70.836,-1.251,24.953,2924.451072,-177.936992,107.101,24.953,0.0015398138843255,83.504,0.0,-3.05905,0.1681168893064804,-25.188,2049.75504,0.691,0.0,-177.936992,1606.150016,425.371,-23.606,25.115008,57.903,2.74145,0.0,-1325.491992,654.715008
-29.684,2041.14896,1748.354048,2013-12-31 00:00:00,0.0,192.596992,513.188992,28.262,54.616,36.704,253.754,36.704,1667.986944,33.163,-136.212992,84.403,13.23,339.999008,-13.041,160.672992,2094.893952,-288.19985,294.533856,0.689,-976.88,2342.107056,1701.149952,1.298,0.626,47.204,-21.23415,-13.867,2342.10688,-9.496,456.078016,0.0,92,-44.401,225.873992,0.0,2149.509952,326.529016,-28.25415,0,8.21,-136.212992,-27.56815,-315.768,-89.052,7.02,33.163,3071.773952,-136.212992,47.161,33.163,-0.0120747612754839,95.626,0.0,-27.56815,0.2284391392923087,-22.537,2002.108048,0.693,0.0,-134.576992,1701.149952,496.204992,-315.768,8.280024,54.597,-24.3072,0.0,-966.744,339.999008
-33.937,1958.919968,1742.23296,2014-03-31 00:00:00,0.0,191.959008,508.223008,29.675,53.82,42.784,330.008992,42.784,1686.502016,14.648,-122.78,114.127,12.247,257.770016,-11.684,152.524992,2084.23296,-58.9753,61.5953,0.705,-1130.247936,2330.011968,1701.149952,7.947,-0.495,41.083,-22.0497,37.707,2330.011904,-10.532,93.245,0.0,90,29.637,292.862008,0.0,2138.05296,92.516,-30.8967,0,-18.515,-122.78,-24.6697,-83.645,-17.371,8.847,14.648,3214.480896,-122.78,105.409,14.648,-0.0233993963357384,-1.144,0.0,-24.6697,0.2805048499855027,-22.216,2072.241952,2.976,0.0,-122.78,1701.149952,562.587984,-83.645,-12.960024,52.993,-48.54785,0.0,-915.415992,257.770016
-33.804,1911.732992,1696.299008,2014-06-30 00:00:00,0.0,189.767008,503.664992,23.047,50.959,49.077,289.401984,49.077,1624.489984,29.66,-152.767008,153.257,13.509,257.582976,-13.434,162.319008,2002.557952,-6.5118,11.3178,0.708,-1201.059968,2243.283968,1654.150016,29.889,-0.05,42.149,9.2198,-32.631,2243.283968,-8.581,19.45,0.0,91,-22.36,242.25,0.0,2053.516952,21.536,-6.0532,0,15.012,-152.767008,4.4138,-2.098,-84.615,15.273,29.66,3203.618048,-152.767008,68.152,29.66,-0.014499946960862,-47.892,0.0,4.4138,0.3023490631485377,-22.015,1985.700992,1.419,0.0,-5.248,1654.150016,622.390992,-2.098,18.409008,50.942,-34.86605,0.0,-261.874,257.582976
-34.278,2003.426976,1696.605056,2014-09-30 00:00:00,0.0,174.851008,498.68,23.013,47.224,56.431,249.087008,56.431,1643.43296,25.717,-156.33,184.996,9.572,334.277024,-9.879,166.518,2057.894016,63.934,-35.529,0.705,-1274.168064,2279.969088,1669.149952,53.293,-0.413,27.455,39.068,28.878,2279.969024,-9.728,-56.016,0.0,92,39.424,246.657992,0.0,2105.118016,-52.11,16.915,0,-3.943,-156.33,10.663,74.597,-21.31,22.153,25.717,3332.061952,-156.33,135.02,25.717,0.0020078287485686,14.356,0.0,10.663,0.338888288353211,-19.607,1945.692064,1.256,0.0,-153.319008,1669.149952,642.034992,74.597,2.105,46.788,5.00395,0.0,-212.348,334.277024
-35.49,2172.393952,1729.837056,2014-12-31 00:00:00,0.0,273.124992,494.792992,23.305,50.934,50.728,251.476,50.728,1694.974976,11.557,-124.52,199.02,127.807,465.861984,-13.736,155.3,2123.116032,125.01155,-77.562552,0.07,-1333.019008,2447.17504,1706.531968,61.511,0.0,23.305,50.512448,-41.934,2447.174912,-8.829,-114.975,0.0,92,-37.929,206.614,0.0,2174.050032,-106.034,35.274448,0,-14.16,-124.52,3.06345,128.075,-81.557,15.238,11.557,3456.134912,-124.52,42.963,11.557,0.0320509651898971,65.794,0.0,3.06345,0.326645202833226,-22.565,1981.313056,1.098,0.0,-122.917,1706.531968,636.662016,128.075,-7.394,15.113,76.750552,0.0,-204.852992,465.861984
-36.494,2008.455936,1758.680064,2015-03-31 00:00:00,0.0,215.083008,488.492,23.53,75.738,39.902,239.612992,39.902,1723.20896,11.941,-111.167,196.138,97.592,273.305984,-11.654,142.434,1980.777984,-205.837,205.968,0.724,-1566.043008,2271.59904,1735.149952,56.072,-1.161,23.53,12.414,7.886,2271.599104,-8.743,207.128,0.0,90,49.255,206.494,0.0,2056.515984,198.888,9.006,0,0.384,-111.167,12.283,-193.554,1.85,3.408,11.941,3546.82112,-111.167,113.017,11.941,0.0483370922951338,-1.466,0.0,12.283,0.2801437858938175,-20.397,1998.293056,2.119,0.0,-111.167,1735.149952,626.571008,-193.554,9.323,42.619,111.214248,0.0,-185.632,273.305984
-44.853,1601.61504,1943.549952,2015-06-30 00:00:00,0.0,292.863008,483.04,19.138,49.139,40.936,175.484992,40.936,1773.374976,151.036992,-79.111,187.997,38.246,-322.796992,-11.461,136.236,1454.236032,-593.851,594.52,0.073,-2119.458048,1796.237952,1924.412032,36.882,-37.436,19.138,-3.917,22.151,1796.237952,-6.436,565.974016,0.0,91,0.745,164.039,0.0,1503.375032,568.070016,0.0,0,139.096,-79.111,-4.586,-598.436992,-53.478,-3.917,151.036992,3573.693952,-38.827,25.633,151.036992,0.0485589383805101,152.29,0.0,-4.586,0.3004785812854165,-17.897,2119.034944,2.388,0.0,-38.827,1924.412032,600.488,-598.436992,183.894984,39.56,98.077448,0.0,-154.495,-322.796992
-40.552,1100.010048,1939.118976,2015-09-30 00:00:00,0.0,271.158016,887.534016,23.098,47.245,34.049,174.952992,34.049,1749.238016,166.783008,-81.298,165.615,34.61,-816.010944,-6.677,111.302,979.657984,-487.691,487.839008,0.11,-2651.067904,1298.061024,1916.020992,8.226,-0.035,23.098,-6.503,2.454,1298.061056,-6.677,520.432,0.0,92,25.519,165.708,0.0,1026.902984,521.348,0.0,0,15.746,-81.298,-6.651,-494.339008,15.944,-6.503,166.783008,3630.725888,-81.298,97.242,166.783008,0.0293493608639533,-0.082,0.0,-6.651,0.3059154372787551,-13.354,2114.071968,1.559,0.0,-81.414,1916.020992,545.272,-494.342016,-387.524,38.0,52.506448,0.0,-117.241,-816.010944
-41.134,564.877952,20.673,2015-12-31 00:00:00,0.0,145.802,888.356992,20.673,9.496,30.266,1984.56,30.266,1809.851008,81.093,-65.346,145.152992,1.044,-1326.066048,-8.911,101.882,523.868992,-443.516,443.516,0.11,-3157.331968,679.166952,1890.944,-17.88,-0.02,20.673,-67.346,-52.283,679.166976,-4.416,498.324,0.0,92,-50.217,93.616,0.0,533.364992,498.319,-56.478,0,-85.69,-65.346,-67.346,-510.862016,-87.855,-10.868,81.093,3681.200896,-63.264,-22.509,81.093,-0.0418073277595415,-0.033,0.0,-67.346,0.2970691584381931,-13.327,2005.233,1.044,0.0,-63.148,0.0,491.854016,-510.862016,-85.773,9.496,-65.352,0.0,-123.539,-1326.066048
-44.155,630.260928,22.255,2016-03-31 00:00:00,0.0,344.702016,889.238976,22.255,9.647,-4.764,2265.100032,-4.764,1833.345024,301.425984,-58.654,100.487,3.098,-1504.510016,-11.288,51.961,428.496,-84.730752,84.730752,0.109,-3308.870912,782.845016,2134.770944,-70.207,0.0,22.255,-94.543248,37.371,782.844992,-4.421,125.623,0.0,91,57.986,130.329,0.0,438.143,126.308,-45.624248,0,220.332992,-58.654,-94.543248,-179.274,-28.799,-48.919,301.425984,3737.36704,-58.654,29.855,301.425984,-0.1128252752935635,249.132,0.0,-94.543248,-0.0916841477261792,-15.709,2287.355032,3.098,0.0,-58.654,0.0,401.381,-179.274,220.385,9.647,-172.309248,0.0,-154.188,-1504.510016
-18.815,-1245.723936,1903.425024,2016-06-30 00:00:00,0.0,333.884992,889.681024,1903.425024,3.412,18.16,320.976,18.16,-32.178,281.560992,-41.77,77.711,10.102,-1495.106944,-4.497,62.559,391.996992,6.34905,-6.25105,0.109,-3390.19904,729.29408,249.383008,-66.945,0.0,1903.425024,2.71095,12.284,729.294016,-4.711,-20.267,0.0,91,14.06,71.593,0.0,395.408992,-19.954,3.36595,0,-19.865,-41.77,2.61295,8.962,-20.064,-0.655,281.560992,3782.195968,-41.77,21.706,281.560992,-0.1312050689512396,0.199,0.0,2.61295,0.2902859700442782,-9.208,2224.401024,10.102,0.0,-41.77,0.0,327.704,8.962,-19.864,3.412,-165.681298,0.0,-120.774,-1495.106944
-2.668,-1283.707104,1902.567936,2016-09-30 00:00:00,0.0,328.044992,890.081984,1902.567936,3.263,22.731,326.214016,22.731,-30.213,279.596,-28.648,66.393,8.658,-1533.090112,-3.308,64.193,364.384,-37.99055,37.990552,0.109,-3438.67008,695.69184,249.383008,-40.379,0.0,1902.567936,-0.39345,3.618,695.692032,-4.296,45.837,0.0,92,3.197,76.831,0.0,367.647,46.114,-20.45645,0,-1.965,-28.648,-0.39345,-38.384,-1.965,20.063,279.596,3803.05408,-28.648,26.683,279.596,-0.1600717249898499,0.0,0.0,-0.39345,0.3541040300344275,-7.604,2228.781952,8.658,0.0,-28.648,0.0,280.595,-38.384,-1.965,3.263,-159.571748,0.0,-138.683,-1533.090112
-1.384,689.873032,142.872992,2016-12-31 00:00:00,0.0,123.889,551.884032,14.814,5.455,15.816,56.252,15.816,51.221,76.838,-27.581,51.944,3.326,561.814032,-8.133,63.039,631.595008,1543.977,-1527.27296,0.25,-12.974,760.939024,128.059,-15.078,-1.25,14.814,14.432,0.401,760.939008,-4.128,-1550.909952,0.0,92,-3.643,56.252,20.74,637.050008,-1546.711952,0.0,0,-202.758,-27.581,-2.272,1541.70496,-20.184,14.432,76.838,644.569024,-27.581,7.397,76.838,-0.0209401254734318,-182.574,0.4,-2.272,0.2508923047637177,-12.261,199.124992,3.326,20.74,-27.581,128.059,241.752992,1541.70496,-201.508,5.455,-15.078,0.0,-71.012,561.814032
-0.977,712.147984,143.204,2017-03-31 00:00:00,-7.265,132.963,555.673984,15.145,5.563,14.597,62.045,14.597,43.606,84.453,-26.108,71.304,7.85,584.088984,-8.275,60.15,650.812032,3.70825,-3.16225,0.25,-28.316,789.337984,128.059,47.46,0.0,15.145,15.32275,-3.686,789.337984,-5.808,-4.354,0.0,90,-0.437,62.045,18.45,656.375032,-1.017,1.70275,-1,7.615,-26.108,14.77675,18.485,6.265,13.62,84.453,679.128,-24.758,32.373,84.453,0.0407996403594183,0.0,0.45,14.77675,0.2426766417290108,-14.083,205.249,3.796,18.45,-24.758,128.059,249.941,18.485,7.615,5.563,32.07225,0.0,-35.948,584.088984
-1.228,726.73,143.506,2017-06-30 00:00:00,-0.7880833333333334,131.592,557.136,15.447,6.625,7.477,59.471,7.477,42.06,85.999,-28.261,60.621,10.838,598.671,-7.572,53.186,663.430976,5.230449999999999,-4.87045,0.251,-44.274,801.648,128.059,54.364,-0.375,15.447,8.87155,-0.822,801.648,-5.336,-3.394,0.0,91,3.567,59.471,12.67,670.055976,-2.464,2.62255,12,0.196,-29.611,8.51155,13.742,2.543,6.249,85.999,707.705024,-29.611,30.804,85.999,0.0499468295995868,-0.997,0.5700000000000001,8.51155,0.1405821080735532,-12.908,202.977,2.132,12.67,-29.611,128.059,240.568,13.742,2.543,6.213,38.23285,0.0,-13.341,598.671
-1.649,733.656008,142.975008,2017-09-30 00:00:00,0.7617142857142858,114.864,560.403008,14.638,7.156,11.812,56.467,11.812,51.511,76.548,-38.472,49.702,4.717,605.597008,-7.255,56.215,683.019008,-4.225,4.225,0.251,-59.349,805.039016,128.059,44.464,0.0,14.916,7.888,-2.994,805.038976,-6.051,6.142,0.0,92,-1.67,56.467,15.54,690.175008,8.977,-2.275,-7,-8.101,-37.122,7.806,3.663,-12.332,10.163,76.548,742.368,-37.122,26.14,76.548,0.0619888570996995,-0.004,0.61,7.806,0.2101218535977941,-13.306,199.442008,1.821,15.54,-34.237,128.059,232.59,3.663,-9.447,7.156,46.5143,0.0,-23.708,605.597008
3.379,613.646024,144.719008,2017-12-31 00:00:00,0.0104285714285714,106.688,562.337024,16.098,6.978,8.763,57.822,8.763,59.561,68.498,-37.358,54.675,2.272,485.587024,-6.25,53.344,574.462016,-130.37585,130.375848,0.253,-204.419008,688.128032,128.059,45.433,0.0,16.66,9.40885,-2.236,688.128,-18.703,131.906,0.0832718274440998,92,-2.109,54.389,16.58,581.440016,134.0,-2.73315,-7,-8.05,-37.358,9.40885,-120.967,-7.073,12.142,68.498,778.881024,-37.358,30.285,68.498,0.0601897631500005,-0.977,0.62,9.40885,0.1642733953209358,-24.953,202.541008,1.51,16.58,-37.358,128.059,228.752992,-120.967,-7.073,6.978,43.6095,5.108,-10.597,485.587024
-1.808,569.986992,95.447,2018-03-31 00:00:00,0.3730000000000001,45.969,565.132992,16.438,7.006,9.751,58.247,9.751,69.631,8.428,-31.758,37.803,3.124,491.927992,-9.857,52.844,592.646976,-3.012810000000001,3.11181,0.254,-219.59,645.621992,78.059,36.497,0.0,17.388,7.11581,-0.877,645.622016,-2.918,2.434,0.0608600249444391,90,-1.714,52.185,13.33,599.652976,4.644,-0.82719,-7,-60.07,-31.758,7.01681,4.004,-9.611,7.943,8.428,812.236992,-31.758,22.147,8.428,0.0463904359703406,-50.459,0.86,7.01681,0.1845242600862917,-12.775,153.694,3.124,13.33,-31.758,78.059,215.589,4.004,-59.611,7.006,33.28421,0.0,-26.473,491.927992
-1.297,520.050016,39.503,2018-06-30 00:00:00,-1.1067692307692307,43.904,566.758016,8.151,5.263,11.426,71.092,11.426,21.803,6.256,-34.085,41.752,2.474,491.991016,-5.19,53.672,553.419008,-9.22009,9.22009,0.254,-235.948,602.586016,28.059,40.377,0.0,11.444,7.67809,-1.058,602.585984,-3.37,9.185,0.0585144610005378,91,1.804,59.543,13.61,558.682008,10.4,-2.45091,65,-2.172,-34.085,7.67809,-1.543,-6.94,10.129,6.256,789.366976,20.702,27.145,6.256,0.045705701992183,-50.019,0.53,7.67809,0.2128856759576688,-8.56,110.595,2.474,13.61,20.702,28.059,216.075,-1.542,-2.153,5.263,32.09075,0.0,-35.956,491.991016
-5.338,533.017984,40.805,2018-09-30 00:00:00,8.616857142857143,41.125,568.209984,8.385,5.591,-16.952,64.235,-16.952,21.846,6.213,0.0,12.988,1.813,504.958984,-8.219,85.522,563.283008,15.55668,-15.55668,0.254,-251.432,609.998984,28.059,7.924,-0.346,12.746,-18.15468,11.897,609.998976,-53.395,39.772,0.0107136786309825,92,17.124,51.025,8.91,568.874008,39.437,4.13532,7,68.037,-32.321,-18.15468,-2.598,67.318,-22.29,6.213,814.715008,-2.674,67.318,6.213,0.0085482795587944,17.654,0.6900000000000001,-18.15468,-0.1982180023853511,-61.614,105.04,1.813,8.91,-16.935,28.059,245.382,-2.598,114.965,5.591,6.04807,-0.002,43.694,504.958984
-42.632,710.558008,369.867008,2018-12-31 00:00:00,-0.5052903225806451,105.597,360.663008,75.867,103.065,17.31,50.418,17.31,244.296,49.704,-9.835,95.712,26.379,416.558008,-7.39,75.702,628.180992,54.78325,-52.357248,0.003,-85.535,836.843016,294.0,73.979,-38.986,75.867,-11.40425,-1.429,836.843008,-7.478,-26.57,0.1496107468449707,92,-2.898,50.279,7.51,731.245992,-25.286,13.91775,31,37.842,-9.835,-13.83025,40.953,15.336,-25.322,49.704,713.715968,-9.835,25.171,49.704,0.0916886886809588,-38.986,0.61,-13.83025,0.228659744788777,-14.868,420.285008,0.325,7.51,51.657,294.0,340.144,40.953,15.336,95.795,69.911296,-3.314,85.364,416.558008
-3.902,537.885,71.595,2019-03-31 00:00:00,-0.9863636363636364,23.709,519.436,8.244,5.762,4.692,27.653,4.692,63.619,0.717,-10.5,16.476,2.843,473.549,-9.308,65.155,543.326016,-25.5697,25.3827,0.206,-287.544,572.797,64.336,-36.693,-1.128,8.495,-5.9073,-7.393,572.796992,-9.768,32.735,-0.0625890419975953,90,-3.067,25.509,9.77,549.088016,34.178,-6.6973,22,-24.828,-10.5,-5.9073,-31.477,0.3,0.79,0.717,830.870016,-10.5,10.8,0.717,-0.0456134380989565,-25.128,0.78,-5.9073,0.0720128923336658,-19.076,99.248,2.534,9.77,-10.5,63.1,280.051,-31.29,-23.7,5.762,-27.78814,0.187,76.014,473.549
-4.422,503.186984,72.85,2019-06-30 00:00:00,-1.096,22.724,520.401984,8.404,5.542999999999999,4.076,26.219,4.076,60.829,4.797,-23.075,9.126,3.568,437.560984,-10.566,59.532,508.363008,15.727729999999998,-14.99973,0.206,-331.904,536.629984,65.626,-47.168,-0.598,8.404,3.64127,8.586,536.630016,-4.353,-21.37,-0.0752598240873022,91,10.836,24.71,5.89,513.906008,-19.891,3.98727,6,-6.174,-23.075,2.91327,18.641,-0.576,-0.346,4.797,840.267008,-23.075,22.499,4.797,-0.0558716871954045,-95.598,0.44,2.91327,0.0684673788886649,-14.919,99.069,1.909,5.89,66.925,64.446,285.911,18.641,-95.576,5.435,-31.82496,0.0,82.378,437.560984
-5.38,761.259,374.822016,2019-09-30 00:00:00,-1.19,76.915,440.017984,93.119,28.432,-0.696,59.762,-0.696,273.806016,7.408,0.0,30.207,36.953,480.044984,-27.034,72.959,809.281984,9.00207,-8.87407,0.209,-129.46,914.629,281.214016,4.139,27.732,93.608,-3.71707,-4.285,914.628992,1.973,-19.861,-0.0014097405138575,92,-3.948,59.553,6.17,837.713984,-17.668,2.35893,-3,-35.752,0.0,-3.84507,5.157,0.57,-6.076,7.408,938.742016,19.125,0.57,7.408,0.0004902179519771,-102.327,0.36,-3.84507,-0.0095396044353678,-25.061,434.584016,0.325,6.17,66.005,281.214016,187.951,5.157,-110.364008,10.717,0.3737,-0.104,-36.287,480.044984
-3.716,723.639016,382.244,2019-12-31 00:00:00,0.0,52.587,429.398016,94.219,16.823,8.399,61.088,8.399,289.432,0.0,-11.575,27.559,19.442,434.207016,-8.38,77.929,808.129024,-25.51712,25.14412,0.209,-141.35,877.539016,289.432,9.587,-24.207,94.524,-2.00088,1.204,877.539008,-7.776,31.732,0.0005215541159811,92,0.577,59.123,6.61,824.952024,32.189,-6.68388,0,-7.408,-11.575,-2.00088,-27.518,9.82,4.683,0.0,949.478976,-11.575,21.395,0.0,0.0002588221270748,-17.207,0.155,-2.00088,0.107777592423873,-16.156,443.332,0.325,6.61,-11.596,287.72,275.575008,-27.145,16.82,5.499,0.22186,-0.648,-26.662,434.207016
-7.445,356.198992,389.371008,2020-03-31 00:00:00,0.0,116.381,428.272,95.557,37.606,1.122,55.658,1.122,292.208992,1.894,-12.72,5.82,89.833,62.096,-8.353,58.136,353.137984,-285.131096,284.945088,0.209,-562.614016,507.125008,294.102992,-12.076,-3.8,97.47,-82.067904,-7.748,507.124992,4.131,365.211008,-0.3700859113778715,91,0.633,52.766,0.5659,390.743984,364.099008,-75.744896,0,1.569,-12.72,-82.067904,-367.199008,0.369,-6.323,1.894,915.752,-12.72,13.089,1.894,-0.1833268244680904,1.2,-0.04,-82.067904,0.0192995734140635,-4.222,445.029008,0.0,0.5659,-12.72,291.900992,232.264,-367.012992,5.369,10.151,-98.989334,0.202,13.345,62.096
-6.459,310.326008,365.633984,2020-06-30 00:00:00,1.178111111111111,84.773,428.767008,96.935,16.594,-15.407,66.794,-15.407,275.868992,13.202,-14.122,-6.582,44.439,21.255008,-6.755,35.171,352.316,-15.314149999999998,15.31415,0.209,-570.236992,453.682992,289.071,-29.582,9.316,98.768,-26.02185,-2.938,453.683008,-6.833,72.515,-0.4966509711370304,91,-5.557,43.804,1.23,368.91,72.995,-4.15585,9,15.133,-14.122,-26.02185,-41.336,19.603,-21.866,13.202,922.553024,-14.122,33.725,13.202,-0.2298418807829391,-4.47,-0.047,-26.02185,-0.4380597651474226,-13.588,432.427984,0.0,1.23,-14.122,266.866,244.195,-41.336,9.603,7.46,-113.807704,-0.25,30.362,21.255008
-3.526,277.631992,366.271008,2020-09-30 00:00:00,-0.2290666666666666,62.502,429.232992,98.552,10.404,-42.449,51.387,-42.449,260.075008,13.521,-5.22,-48.335,22.074,4.036,-6.443,52.745,348.788,22.349100000000004,-22.3491,0.209,-578.187008,421.694008,273.595992,-69.481,-0.07,99.902,-40.0341,-0.177,421.694016,-51.597,26.218,-0.6202463594397255,92,-0.17,43.374,0.8527,359.192,26.689,5.9409,15,-3.506,-5.22,-40.0341,-17.685,11.564,-45.975,13.521,926.974976,-5.22,16.784,13.521,-0.2246833035145946,-15.07,0.09,-40.0341,-0.8047966631908238,-58.04,417.658008,0.0,0.8527,-5.22,266.368992,223.981,-17.685,-3.436,7.39,-150.124734,-0.164,41.356,4.036
-4.204,229.303008,361.633984,2020-12-31 00:00:00,0.0,56.837,429.270016,100.005,8.176,-19.447,56.862,-19.447,252.676,10.364,-3.828,38.164,15.572,-33.736992,-6.238,56.092,319.745984,-11.169049999999997,11.13505,0.378,-609.230976,384.758992,263.04,16.704,-0.061,100.852,-26.64095,-1.75,384.759008,-31.644,44.923,0.0,92,-5.569,43.78,1.31,327.921984,44.972,-2.98995,0,-3.157,-3.828,-26.64095,-37.81,6.904,-23.651,10.364,928.977024,-3.828,10.732,10.364,-0.1336308715231316,-10.061,-0.04,-26.64095,-0.3466982813948513,-37.882,418.495984,0.0,1.31,-3.828,260.782,202.144,-37.776,-3.096,6.736,-84.340992,-0.9,38.44,-33.736992
-3.132,204.654984,362.583008,2021-03-31 00:00:00,0.0,64.522,429.060992,101.308,8.686,7.786,82.249,7.786,241.128,16.801,-4.116,-69.517,12.297,-53.274016,-6.921,72.469,318.350016,0.0,18.94104,0.381,-616.577984,391.557992,257.929,-86.838,-0.005,106.663,-0.38096,7.423,391.558016,-19.894,24.845,0.0,90,2.898,49.849,2.78,327.036016,24.641,-5.03496,0,6.437,-4.116,-0.38096,-19.328,11.442,4.654,16.801,934.928,-4.116,15.558,16.801,-0.2071428060204294,-5.005,0.1,-0.38096,0.1074390429011025,-26.815,444.832008,0.0,2.78,-4.116,255.92,216.477,-19.322,6.442,7.164,-93.07786,-0.02,49.513,-53.274016
-3.191,149.405984,360.028,2021-06-30 00:00:00,0.0,67.367,429.983008,106.988,6.968,26.557,122.672,26.557,221.631008,15.15,-7.863,-27.553,12.57,-87.375008,-6.03,80.393,320.990016,0.0,46.127312,0.381,-620.881024,395.324992,236.780992,-41.606,-0.037,124.727,11.10431,9.084,395.324992,-10.126,42.787,0.0,91,4.758,58.121,4.05,327.958016,43.721,-12.26169,0,-1.651,-7.863,11.10431,-35.023,12.982,23.366,15.15,941.870976,-7.863,20.845,15.15,-0.131804882875073,-15.037,0.18,11.10431,0.3303397061933252,-16.156,482.7,0.0,4.05,-7.459,235.300992,261.699,-35.023,-2.0180000000000007,6.968,-55.9517,-0.054,42.892,-87.375008
