Non-Operating Income (Loss),StockBased Compensation,Line of Credit Available,Equity Charge,WACC Discount Factor,Other Accrued Liabilities,Operating Leases,Line of Credit,Total Current Liabilities,BALANCE SHEET,Total Liabilities & Equity,Operating Income,NonCash Items,Days in Period,Net Share Repurchases,"Cash, Cash Equivalents & STI",Misc LT Assets,Rental Expense - Years 2 - 5,"Selling, General & Admin",Revenue,ST Debt,-Net Share Repurchases,LTM Basic EPS,Rental Expense - Year 1,ST Capital Leases,Rental Expense Beyond Year 5,Dep & Amort,Work In Process,Total Liabilities / Tangible Assets,Current Liabilities,Other Adjustments,Free Cash Flow (LTM),Deferred Compensation,Other Operating Expenses,Free Cash Flow to Firm,ST Deferred Tax Assets,Cash (Repurchase) of Equity,Free Cash Flow to Equity,Deferred Tax Liabilities,Repayments of LT Debt,Other PostRet Benefits,Effect of Foreign Exchanges,Income (Loss) from Cont Ops,year + weight + convention,Free Cash Flow to Firm Model,Dividends,Net Extraordinary Losses (Gains),Net Cash From Disc Ops (fin),Period Weight,Pretax Income,LT Marketable Securities,ST Borrowings,Dividend Yield (LTM),Free Cash Flow per Share,LT Receivables,Prepaid Expenses,Cash % of Revenue,Diluted - Basic Shares,Diluted EPS,Operating Margin,Operating Expenses,Line of Credit Used,Interest & Dividends Payable,PP&E Gross,EBITDAR,A = L + SE,Inventories,Discontinued Operations NI,PV of Free Cash Flow to Firm,Pensions,Raw Materials,Other Non-Op Income (Loss),Bull,Discounted Residual Income (Bear)
-45.0,33358.000256,15710.999552,2011-03-31 00:00:00,-0.4788213627992633,4000.999936,9168.0,3099.000064,787.0,1974.0,3956.999936,1974.0,7804.000256,356.0,-1696.0,6150.75008,562.0,25198.000384,-112,3921.999872,39046.00064,-287.049984,2.05,240,-30531.00032,44865.999872,8159.999872,5935.992832,19.0,7581.0,1136.050048,-83,44865.998848,0.0,130.0,0.1678031863657862,90,-371,2626.999936,130.92,40865.000704,280.0,-792.950016,543.0,222.0,-1696.0,1117.049984,1134.0,283.0,1928.999936,356.0,69576.998912,-1696.0,1979.000064,356.0,0.0936179863565914,-8.0,2.57,1117.049984,0.0,-112.0,19667.999488,418.0,130.92,-1748.999936,8129.999872,13175.909888,1134.0,283.000064,679.0,3468.273024,0.0,2007.632,25198.000384
-41.0,34519.00032,15377.999872,2011-06-30 00:00:00,0.0050150451354062,4899.999744,9210.000384,3151.000064,759.0,2227.000064,4483.999744,2227.000064,6744.999936,1107.000064,-1743.000064,6980.000128,665.0,26667.000064,-103,4386.999808,39837.999104,0.0,34.85,241,-31559.999488,46528.99968,7852.000256,6779.999744,7.0,7973.999936,1293.849984,165,46528.999424,0.0,-46.0,0.1793172622040615,91,207,2973.0,123.39,41628.999168,250.0,-892.150016,997.0,751.0,-1743.000064,1274.850048,1259.000064,1002.0,2185.999872,1107.000064,71397.998592,-1551.000064,2744.999936,1107.000064,0.10227723703719,-366.0,3.132,1274.850048,0.0,-103.0,19861.999616,494.0,123.39,-1628.0,7404.000256,14642.999808,1259.000064,866.999872,672.0,3935.700032,0.0,2197.900032,26667.000064
-37.0,35105.000768,15555.00032,2011-09-30 00:00:00,1.3682310469314078,4576.0,9258.000384,3209.999872,738.0,2108.999936,4024.0,2108.999936,6616.0,586.0,-1791.000064,7738.0,864.0,27903.000832,-112,4302.000128,41136.001024,295.900032,-14.9,241,-32624.001024,47482.001152,7201.999936,7559.999744,0.0,8769.999936,987.100032,-143,47481.99936,0.0,-9.0,0.1729426160756088,92,-230,2749.0,80.24,42906.001024,610.0,-1084.899968,277.0,-521.0,-1791.000064,968.099968,1002.0,656.0,2072.0,586.0,73759.997952,-1781.000064,2447.000064,586.0,0.098903752220922,-719.0,2.794,968.099968,0.0,-112.0,19579.00032,558.0,80.24,-2248.999936,6784.999936,15984.999936,1002.0,-4.0,645.0,4174.250048,0.0,2313.638016,27903.000832
-35.0,36209.00064,18094.999552,2011-12-31 00:00:00,0.6768402154398564,4802.999808,9306.999808,4038.000128,686.0,2035.000064,4962.999808,2035.000064,6920.999936,295.0,-1848.0,8391.000064,774.0,28993.000704,-132,4288.0,45447.999488,-39.15001600000005,58.15,241,-33770.999808,52051.000064,7215.999936,8232.999936,6.0,11310.00032,1247.149952,177,52051.001344,0.0,283.0,0.180224278843345,92,-45,3696.0,90.58,47247.999488,464.0,-752.849984,557.0,-291.0,-1848.0,1228.150016,1188.999936,934.0,2000.0,295.0,79218.999296,-1628.0,2782.000128,295.0,0.0977030851404343,-54.0,2.868,1228.150016,0.0,-132.0,23057.99936,470.0,90.58,-3019.000064,6784.999936,16899.00032,1188.999936,1150.000128,182.0,4664.150016,0.0,2875.000064,28993.000704
-40.0,37587.999296,18823.999488,2012-03-31 00:00:00,-0.6469300568442609,4953.999872,9347.999744,4108.0,1339.999936,2087.000064,4697.999872,2087.000064,7628.000256,245.0,-1967.000064,8458.000128,939.0,29714.999552,-128,4496.0,45829.001216,-380.99993599999993,367.0,241,-35511.001088,53236.998912,7872.999744,8304.999936,3.0,11379.999936,1164.0,-562,53236.998144,0.0,76.0,0.1759888669206401,91,-644,1059.0,100.44,48283.001344,114.0,-883.0,113.292,-50.0,-1967.000064,1144.999936,797.0,40.0,2047.000064,245.0,81339.998208,-1967.000064,2007.000064,245.0,0.0956566080928725,585.0,3.064,1144.999936,0.4641904056939501,-128.0,23521.99936,655.0,100.44,-2641.999872,7443.999744,17472.999936,797.0,678.0,1316.999936,4692.099968,0.0,2632.0,29714.999552
-45.0,40911.00032,21422.999552,2012-06-30 00:00:00,-1.8786217697729053,4639.000064,9980.99968,4368.0,1329.0,1440.999936,5120.999936,1440.999936,9877.000192,361.0,-2231.000064,7672.0,908.0,30673.000704,-132,3892.999936,50134.99904,-366.649984,438.649984,245,-37441.998848,57217.000192,10237.999616,7515.000064,-30.0,11753.000064,794.649984,-35,57216.999424,0.0,61.0,0.1500163923767355,91,448,1061.0,87.89,52577.999104,56.0,-601.350016,-638.5,116.0,-2231.000064,775.649984,356.0,561.0,1396.0,361.0,87577.001984,-2222.000064,2792.0,361.0,0.0808301045738272,2268.0,2.526,775.649984,0.3701515437168504,-132.0,26543.999488,676.0,87.89,-4944.0,9669.999616,16979.000064,356.0,2916.0,1304.0,4192.899968,0.0,2191.0,30673.000704
-40.0,42348.000768,22705.999872,2012-09-30 00:00:00,3.427874082330783,5043.999744,10028.000256,4431.000064,1488.0,1556.999936,5390.000128,1556.999936,11315.999744,318.0,-2775.000064,7120.0,976.0,30714.00064,-124,4095.000064,51164.000256,-569.4,488.4,245,-39462.998016,58810.00064,11634.000128,6960.0,16.0,12035.999936,668.4,-551,58809.99936,0.0,-100.0,0.1352563020176189,92,-627,1136.999936,86.47,53766.000128,41.0,-848.6,-260.17,-43.0,-2775.000064,649.4,180.0,-1152.0,1516.999936,318.0,90626.998272,-2758.000064,1623.000064,318.0,0.072897301446097,1308.0,2.271,649.4,0.3802197586485801,-124.0,28096.0,872.0,86.47,-2974.000128,10670.000128,16772.0,180.0,242.0,1482.0,3874.199936,0.0,383.0,30714.00064
-40.0,43676.000384,23869.999104,2012-12-31 00:00:00,0.8761467889908257,4961.999872,10104.000512,4449.999872,1206.0,1804.0,5536.0,1804.0,12184.999936,160.0,-2491.000064,6780.000256,808.0,31331.000576,-147,4405.000192,53279.997952,-396.0,71.0,245,-40867.00032,60736.99968,12344.999808,6608.0,1.0,12514.999872,739.0,-328,60736.999424,79.0,100.0,0.1177812314552621,92,-769,1092.0,78.5,55774.998016,580.0,-1025.0,-218.0,-158.0,-2491.000064,720.0,668.0,-409.0,1764.0,160.0,94147.002368,-2490.000064,2082.0,160.0,0.061779621524925,624.0,2.29,720.0,0.4095346018999674,-68.0,29405.999104,777.0,78.5,-2864.0,11354.999808,16375.000064,668.0,244.0,476.0,3484.0,0.0,-960.0,31331.000576
-55.0,44466.000256,24242.999296,2013-03-31 00:00:00,-2.2482758620689656,4848.0,10142.000128,4594.999808,1285.999936,1592.0,5561.999872,1592.0,12231.000064,248.0,-2801.999872,6393.999872,609.0,31987.000576,-112,4103.000064,54288.9984,-75.0,31.0,245,-42287.0016,61791.999744,12478.99968,6213.999872,12.0,12757.999616,809.0,189,61792.002048,0.0,143.0,0.0990767615446935,90,285,1226.0,77.16,56943.998464,249.0,-728.0,145.0,88.0,-2801.999872,790.0,717.0,-181.0,1536.999936,248.0,96575.995904,-2801.999872,2620.999936,248.0,0.0523528845590959,59.0,2.205,790.0,0.3880087680154616,-112.0,29804.999168,593.0,77.16,-2592.0,11484.99968,16496.000256,778.0,-66.999936,1284.999936,3011.049984,0.0,-1248.0,31987.000576
-52.0,45495.999616,25471.000576,2013-06-30 00:00:00,-1.2166072801706866,4758.000128,10174.000128,4678.000128,1402.0,1468.999936,5158.000128,1468.999936,12590.999552,184.0,-2739.000064,6421.999872,687.0,32720.99968,-126,4036.999936,55821.000704,188.0,-156.0,246,-43671.998464,63350.000384,12774.999936,6234.999808,-9.0,13174.000128,881.0,106,63350.001664,0.0,-227.0,0.0991598289237788,91,294,1346.0,83.83,58592.000768,99.0,-536.0,-92.333,-64.0,-2739.000064,862.0,1035.0,20.0,1416.999936,184.0,99493.003264,-2739.000064,2759.000064,184.0,0.0513805597227927,-51.0,2.006,862.0,0.3638840622463661,-126.0,30629.000704,600.0,83.83,-2772.0,12296.999936,16640.000256,1037.0,313.0,1338.0,3097.4,0.0,-1789.0,32720.99968
-50.0,43905.999936,22734.999552,2013-09-30 00:00:00,-1.5182038834951457,6016.0,11445.999616,3559.000064,1392.0,1648.0,4522.999808,1648.0,9674.000384,1251.000064,-2404.999936,6512.999936,790.0,32981.000192,-120,4228.999936,51462.00064,-743.0,615.0,255,-45838.999552,60238.999552,10924.999744,6315.999872,29.0,11867.0,1050.0,-514,60238.999552,1.0,1175.000064,0.1093679950695616,92,-721,1344.999936,85.14,54223.000576,979.000064,-548.0,824.0,1067.0,-2404.999936,1044.0,306.0,-427.0,1598.0,1251.000064,97300.996096,-2205.999936,1978.0,1251.000064,0.0584465225544928,-1940.999936,2.165,1044.0,0.3896902399953122,-119.0,27257.99936,787.0,85.14,1030.0,10867.999744,16774.000128,435.0,0.0,1392.0,3479.0,0.0,-1064.0,32981.000192
-19.0,45117.999168,21543.999488,2013-12-31 00:00:00,0.0034941698402104,6366.000128,12506.000384,3505.999872,1481.0,1246.0,4700.000256,1246.0,7818.999808,1906.0,-1199.000064,5362.999808,617.0,35392.99968,-127,3660.0,52421.001216,-150.0,214.0,255,-47397.998592,61636.999424,9724.999488,5533.000192,2956.999936,11872.000128,388.0,79,61637.001216,0.0,119.0,0.0851023658931306,92,282,2025.0,85.94,55271.001088,203.0,-783.0,1273.55,655.0,-1199.000064,388.0,174.0,1278.0,1227.000064,1906.0,99819.003904,-1091.000064,2476.999936,1906.0,0.0448788118005259,960.0,1.805,388.0,0.3404371584699454,-127.0,26243.999744,483.0,85.94,-2782.000128,9671.999488,14437.999616,230.0,0.0,521.0,2745.999872,16.0,279.0,35392.99968
-27.0,44850.000384,21588.000768,2014-03-31 00:00:00,0.6242385152965514,5463.000064,12538.999808,3398.000128,1536.999936,1382.0,4355.999744,1382.0,8030.000128,1643.000064,-2705.999872,5738.999936,614.0,35177.000448,-119,3599.000064,52751.998976,-470.0,-48.0,255,-46584.000512,61121.00096,9672.999936,5590.0,0.0,11915.00032,705.0,-249,61120.999424,0.0,552.0,0.0939193621103388,90,55,1438.0,82.95,55657.998848,714.0,-552.0,-254.273,-263.0,-2705.999872,705.0,236.0,-413.0,1355.000064,1643.000064,99336.003584,-2705.999872,2292.999936,1643.000064,0.0491892633618364,-607.0,1.608,705.0,0.3839955474921603,-119.0,25944.000512,614.0,82.95,-1948.999936,9672.999936,15293.999872,851.0,-414.999936,1536.999936,3023.0,0.0,-1618.0,35177.000448
-3.0,44566.999616,21709.000704,2014-06-30 00:00:00,1.0102439830368453,5126.000128,12579.999744,3468.999936,2206.000128,1195.000064,4569.999872,1195.000064,7784.0,524.0,-2120.0,5465.000064,1400.999936,34891.999232,-113,3288.999936,52470.001664,-71.0,127.0,256,-48042.000384,61170.999808,9675.000384,5365.000064,-41.0,12035.000064,576.0,64,61170.999296,15.0,-8.0,0.0844215488466847,91,7,1491.000064,100.62,56045.001728,-26.0,-508.0,108.942,-1119.000064,-2120.0,576.0,505.0,219.0,1192.0,524.0,100511.997952,-372.0,2339.000064,524.0,0.0436552867234516,-916.0,1.642,576.0,0.3633323463828732,-98.0,26279.000576,1400.999936,100.62,-2542.000128,9674.000384,14545.999872,557.0,1968.000064,2206.000128,2718.0,121.0,-1419.0,34891.999232
-374.0,43907.999488,23697.000448,2014-09-30 00:00:00,1.498114304299386,4425.999872,12634.999808,3496.999936,2160.0,1366.0,4306.999808,1366.0,9866.999808,510.0,-3340.0,5183.000064,916.0,32985.999872,-111,3440.999936,53034.999808,-1817.0,1660.999936,256,-50837.000192,60990.000128,10921.999616,4759.000064,-45.0,12794.999808,487.0,-16,60990.001152,27.0,1682.0,0.0675559177365855,92,84,1732.0,93.87,56563.999744,2468.0,-416.0,-578.0360000000001,-14.0,-3340.0,487.0,-1330.0,-1444.0,992.0,510.0,103872.004096,-3331.0,1896.0,510.0,0.0355525491010484,540.0,1.384,487.0,0.3969776301675583,-84.0,28004.000256,875.0,93.87,-2449.999872,10901.999616,13757.999872,-1084.999936,-187.999936,2160.0,2155.0,-248.0,-2436.0,32985.999872
181.0,39381.999104,24150.99904,2014-12-31 00:00:00,-2.01606476095758,6415.000064,12693.999616,3396.999936,1374.0,720.0,3664.0,720.0,10476.000256,769.0,-2798.000128,2412.0,2914.0,28136.999424,-119,2683.000064,48076.00128,-5149.0,4076.0,256,-55381.999616,55951.998464,11244.99968,1699.000064,-5.0,12905.999744,334.0,-264,55951.998976,193.0,7417.999872,0.0073888056586972,92,-101,1424.0,62.67,49537.001216,4688.999936,-519.0,1347.355,169.0,-2798.000128,334.0,-4814.000128,-1368.999936,901.0,769.0,103457.9968,-96.0,1428.999936,769.0,0.0037282398802964,189.0,0.757,334.0,0.2683563111536325,74.0,27814.99904,517.0,62.67,-1448.999936,11244.99968,11472.0,-3694.000128,1654.999936,1336.0,219.2,303.0,-3007.000064,28136.999424
-69.0,35677.999104,19751.999488,2015-03-31 00:00:00,-3.883203654607008,5905.999872,12711.999488,3465.999872,1427.000064,-138.0,5493.000192,-138.0,12044.000256,229.0,-1780.999936,3390.000064,3244.0,23404.999168,-82,1630.0,41230.000128,-4484.0,4352.0,256,-63789.99808,48649.998848,12272.999936,2890.0,-6.0,10076.99968,-167.0,-373,48649.998336,43.0,7375.000064,0.0528613268177412,90,-294,1155.0,60.33,42744.000128,4440.0,55.0,392.272,-540.0,-1780.999936,-167.0,-4650.999808,-1131.000064,-207.0,229.0,105019.998208,-1780.999936,650.0,229.0,0.0261453394663942,928.0,-0.595,-167.0,-0.0846625766871165,-39.0,25244.99968,671.0,60.33,-2118.0,9674.999808,11289.999744,-4504.0,-102.999936,1427.000064,1435.0,58.0,-4075.000128,23404.999168
-117.0,27431.000064,15173.999616,2015-06-30 00:00:00,-1.0293070631614991,5493.000192,12739.999744,2854.000128,1416.999936,282.0,2383.000064,282.0,6726.000128,2950.000128,-1224.0,2477.0,325.0,17754.999808,-111,2019.000064,28315.000832,-1038.0,1158.0,257,-66928.001024,35311.999488,9676.000256,1863.0,-19.0,5498.000128,178.0,996,35312.001024,-225.0,-1163.000064,0.0429408484900974,91,914,1217.0,57.63,29819.000832,453.999872,76.0,3139.175,2811.000064,-1224.0,178.0,-860.0,-92.0,165.0,2950.000128,95243.001856,-1105.0,1132.0,2950.000128,0.0214960147706982,-2712.0,-0.276,178.0,0.139673101070293,-336.0,17556.99968,241.0,57.63,4391.000064,9676.000256,10019.999872,-917.0,-2571.000128,1416.999936,1037.0,5.0,-4386.000128,17754.999808
-121.0,20748.999936,13672.999936,2015-09-30 00:00:00,-1.4142187891976408,4079.000064,12753.999872,2899.000064,1268.999936,-87.0,2167.000064,-87.0,7121.999872,1655.000064,-924.0,1024.0,425.0,11972.0,-89,1526.0,22377.00096,-4110.0,4092.999936,257,-73743.998976,27812.0,8776.999936,663.0,-46.0,4896.0,-33.0,-389,27811.999744,-3.0,4219.000064,0.0254510548375859,92,-210,1062.0,39.16,23733.00096,4238.000064,182.0,514.221,-1295.000064,-924.0,-33.0,-4143.000064,-213.0,-208.0,1655.000064,96121.004032,-895.0,711.0,1655.000064,0.0116438817770667,-1079.000064,-0.375,-33.0,-0.0570117955439056,-92.0,15840.0,262.0,39.16,-927.0,8776.999936,8104.999936,-4119.000064,-1123.0,1268.999936,517.0,3.0,-3155.000128,11972.0
-59.0,13005.999552,12773.000192,2015-12-31 00:00:00,-3.11225196019978,3752.0,12723.999744,2919.000064,884.0,-340.0,1840.999936,-340.0,7311.000064,1467.000064,-967.0,-329.0,462.0,4227.999616,-98,1263.000064,14119.000064,-7189.0,7376.999936,257,-79705.997312,18841.999744,8777.999936,-589.0,-5.0,3996.000064,-24.0,-264,18841.99936,-56.0,7472.0,-0.0091218471303713,92,-245,809.0,44.47,15090.000064,6861.0,-94.0,333.767,-188.0,-967.0,-24.0,-7213.000192,-705.0,-399.0,1467.000064,93824.999424,-456.0,262.0,1467.000064,-0.0034762147469639,-99.0,-0.489,-24.0,-0.2692003030650677,-154.0,14614.000128,462.0,44.47,-351.0,8776.999936,6366.000128,-7870.000128,-194.0,860.0,-130.0,56.0,-2193.999872,4227.999616
-105.0,12273.001024,12526.999552,2016-03-31 00:00:00,2.573268444532132,3222.000128,12664.000512,2918.000128,915.0,-217.0,1598.0,-217.0,7714.999808,1004.0,-565.0,-644.0,551.0,3554.000896,-93,1084.0,13541.999616,-58.0,58.0,257,-80783.998976,17679.000448,8719.000128,-1097.0,-52.0,3809.000128,-314.0,-158,17678.999552,-51.0,22.0,-0.0270351713293403,91,-88,760.0,48.81,14456.999616,21.0,9.0,-91.233,-463.0,-565.0,-314.0,-372.0,-326.0,-322.0,1004.0,94325.997568,-565.0,239.0,1004.0,-0.0094679554945245,-147.0,-0.886,-314.0,-0.2001845018450184,-144.0,14124.999552,551.0,48.81,-555.0,8718.000128,6034.0,-371.0,-326.0,915.0,-314.0,11.0,-1336.0,3554.000896
-104.0,17414.99968,14080.0,2016-06-30 00:00:00,0.799437168524732,3292.0,12744.999936,3052.999936,911.0,-11.0,1570.0,-11.0,7518.000128,1200.999936,-478.0,-937.0,545.0,8696.000128,-103,1364.999936,20142.999552,-145.0,145.0,258,-26570.999808,24346.000128,8718.999552,-1377.0,-42.0,5360.999936,-99.0,71,24345.99936,-90.0,423.0,-0.0521026186489083,91,121,744.0,55.67,21053.999552,198.0,60.0,147.824,197.0,-478.0,-99.0,-244.0,266.0,-115.0,1200.999936,46713.99936,-430.0,744.0,1200.999936,-0.0198129335946869,-136.0,-0.141,-99.0,-0.0080586084364475,-193.0,15650.0,545.0,55.67,-411.0,8718.999552,5379.999872,-200.0,314.0,911.0,-591.0,12.0,-978.0,8696.000128
-102.0,16670.00064,13571.999744,2016-09-30 00:00:00,-0.0984793782498536,3272.0,12679.000064,3068.0,415.0,134.0,1628.0,134.0,7490.999808,1230.0,-440.0,-716.0,465.0,7949.000192,-102,1438.0,19462.00064,-595.0,562.0,258,-27178.000384,23148.999936,8721.000448,-1137.0,-130.0,4851.000064,-12.0,-16,23149.000704,-72.0,1178.0,-0.0700331730578543,92,-39,732.0,63.87,19877.00064,649.0,4.0,234.049,29.0,-440.0,-12.0,-607.0,211.0,32.0,1230.0,46640.001024,-414.0,651.0,1230.0,-0.0223700474868667,-226.0,-0.143,-12.0,0.0931849791376912,-174.0,15199.999744,465.0,63.87,-396.0,8721.000448,5291.999872,-526.0,236.0,415.0,-570.0,13.0,-554.0,7949.000192
-105.0,16223.000064,12997.000192,2016-12-31 00:00:00,0.0936749134174026,3240.999936,12622.000128,2715.000064,324.0,139.0,1843.000064,139.0,7167.000064,1376.999936,-466.0,138.0,260.0,7679.000064,-112,1451.000064,18866.999296,-160.0,160.0,258,-27882.000384,22519.00032,8544.0,-278.0,-76.0,4453.000064,-22.0,185,22518.99904,-76.0,332.0,-0.0976828742624734,92,124,752.0,63.47,19277.999296,254.0,-17.0,301.735,147.0,-466.0,-22.0,-182.0,330.0,34.0,1376.999936,46748.99968,-406.0,796.0,1376.999936,-0.0207925348339753,-351.0,0.067,-22.0,0.0957959985313963,-188.0,14840.000256,260.0,63.47,-298.0,8544.0,5333.000192,-143.0,210.0,324.0,-430.0,12.0,481.0,7679.000064
-99.0,16300.000512,12888.999936,2017-03-31 00:00:00,-2.915455746367239,3425.999872,12563.00032,2772.999936,404.0,310.0,1898.0,310.0,6956.000256,1520.999936,-513.0,572.0,280.0,7823.000448,-103,1536.999936,18780.000256,182.0,-182.0,258,-28352.999424,22610.000384,8477.000064,162.0,-53.0,4561.999872,31.0,-187,22609.999872,-77.0,-145.0,-0.0242770400299486,90,-272,721.0,51.39,19184.000256,-62.0,-126.0,30.28,144.0,-513.0,31.0,213.0,-58.0,211.0,1520.999936,47132.99968,-87.0,455.0,1520.999936,-0.0050634168859124,-218.0,0.136,31.0,0.2016916154250249,-180.0,14786.999936,280.0,51.39,-93.0,8327.000064,5790.999936,267.0,298.0,404.0,-102.0,14.0,749.0,7823.000448
-140.0,16743.999744,11463.999488,2017-06-30 00:00:00,-1.9557945041816007,4647.000064,12504.999936,2076.999936,404.0,172.0,2872.999936,172.0,6812.000256,1667.000064,-711.0,755.0,1549.000064,8264.999808,-106,1404.999936,17550.999552,651.0,-651.0,259,-24615.000064,22601.999232,8478.999936,309.0,-74.0,3134.999936,-79.0,81,22602.000384,-69.0,126.0,-0.0116800798196371,91,211,756.0,47.93,17954.999552,-604.0,-70.0,-41.85,146.0,-711.0,-79.0,572.0,40.0,32.0,1667.000064,42166.001664,-426.0,751.0,1667.000064,-0.0034932265675697,-169.0,-0.021,-79.0,0.1224199344020468,-175.0,14336.999424,318.0,47.93,-436.0,8328.999936,5830.999936,613.0,325.0,404.0,-82.0,-28.0,523.0,8264.999808
-101.0,16860.0,10993.000448,2017-09-30 00:00:00,-3.2484599589322376,3768.999936,12444.99968,2112.0,411.0,161.0,2464.999936,161.0,6637.000192,1846.0,-773.0,782.0,382.0,8376.999808,-98,1362.0,17654.99904,158.0,-49.0,259,-25098.999808,21835.000192,8483.000192,337.0,-90.0,3060.0,14.0,-31,21834.999808,-71.0,170.0,-0.0083086053412462,92,-127,759.0,45.8,18065.99904,59.0,-4.0,97.4,275.0,-773.0,14.0,63.0,-219.0,60.0,1846.0,42753.998848,-80.0,554.0,1846.0,-0.0024897741135789,-185.0,-0.021,14.0,0.1182085168869309,-169.0,13458.000384,382.0,45.8,-94.0,7933.000192,5754.999936,105.0,474.0,411.0,-56.0,12.0,93.0,8376.999808
-97.0,17275.000704,10567.000064,2017-12-31 00:00:00,0.2200290238483567,3724.999936,12387.00032,2040.999936,351.0,415.0,2564.0,415.0,6816.0,1668.0,-763.0,1017.0,344.0,8791.000576,-88,1592.0,17759.000576,330.0,-330.0,259,-25642.999808,21922.00064,8484.000128,621.0,-54.0,2632.999936,126.0,13,21922.000896,-86.0,172.0,0.0134759038651985,92,-111,841.0,42.22,18197.000576,-250.0,-130.0,-77.867,-274.0,-763.0,126.0,456.0,-95.0,318.0,1668.0,43401.998336,-748.0,668.0,1668.0,0.0041403208808303,-149.0,0.242,126.0,0.2606783919597989,-174.0,13131.000064,320.0,42.22,-793.0,7934.000128,5855.000064,518.0,-80.0,351.0,92.0,12.0,-332.0,8791.000576
-99.0,17204.99968,10579.999744,2018-03-31 00:00:00,-21.993589743589745,3252.999936,12327.999488,2116.0,452.0,447.0,2342.000128,447.0,7258.999808,1076.999936,-877.0,1195.0,381.0,8868.99968,-114,1691.000064,18086.00064,31.0,-31.0,259,-26196.000768,21790.999552,8336.0,758.0,-71.0,2644.0,114.0,-180,21791.000576,-60.0,145.0,0.0252034275500094,90,-212,853.0,38.48,18538.00064,129.0,-173.0,12.48,-591.0,-877.0,114.0,145.0,-262.0,348.0,1076.999936,44281.99936,-868.0,615.0,1076.999936,0.0078827052649388,-316.0,0.282,114.0,0.2643406168434065,-174.0,12921.999872,381.0,38.48,-890.0,7936.0,6050.0,206.0,-403.0,452.0,175.0,12.0,-536.0,8868.99968
-94.0,17331.999488,10602.999808,2018-06-30 00:00:00,2.2085561497326203,3139.000064,12270.999552,2148.0,435.0,578.0,2312.0,578.0,7365.000192,972.0,-1017.0,1601.0,360.0,8994.999552,-117,1872.0,18336.0,14.0,-14.0,260,-26795.999232,21909.99936,8336.999936,1210.0,-98.0,2666.0,181.0,190,21909.999616,-55.0,162.0,0.0598390564775222,91,158,933.0,46.75,18771.0,152.0,-229.0,29.92,-105.0,-1017.0,181.0,195.0,96.0,484.0,972.0,45132.00128,-1013.0,1112.999936,972.0,0.0195452911574406,-194.0,0.402,181.0,0.3087606837606838,-172.0,12914.999808,360.0,46.75,-1024.0,7936.999936,6517.000064,269.0,99.999936,435.0,435.0,13.0,-480.0,8994.999552
-98.0,17148.999936,10716.99968,2018-09-30 00:00:00,0.7285617825793383,2784.999936,12204.99968,2161.999872,344.0,670.0,2207.000064,670.0,7609.999872,593.0,-942.0,2110.0,373.0,8945.999744,-99,1998.0,18645.999616,-154.0,154.0,260,-27399.000064,21869.999488,8203.000192,1722.0,-135.0,2663.999872,235.0,-76,21870.000128,-60.0,354.0,0.0897216740884435,92,-22,932.0,47.67,19084.999616,337.0,-257.0,37.025,-379.0,-942.0,235.0,81.0,64.0,572.0,593.0,46044.99968,-904.0,1006.0,593.0,0.0300194486196372,-459.0,0.473,235.0,0.3353353353353353,-159.0,12923.999744,373.0,47.67,-926.0,8053.000192,7153.000064,161.0,-126.0,344.0,656.0,11.0,-197.0,8945.999744
-93.0,17056.000576,10568.999936,2018-12-31 00:00:00,-0.7387123745819398,2687.000064,12366.000128,2039.000064,387.0,358.0,2200.999936,358.0,7529.999872,714.0,-1068.0,2063.000064,378.0,8812.000384,-101,1736.999936,18421.000192,-521.0,521.0,260,-28334.999552,21582.000256,8244.000192,1679.000064,277.0,2476.000064,140.0,70,21582.000128,-124.0,668.0,0.0921215397675718,92,301,904.0,26.25,18895.000192,489.0,-94.0,-95.68,121.0,-1068.0,140.0,-381.0,-25.0,265.0,714.0,46755.999744,-981.0,1043.0,714.0,0.0308017646298959,182.0,0.237,140.0,0.2061024831264012,-225.0,12769.999872,323.0,26.25,-1104.0,8093.000192,7638.000128,-350.0,62.0,266.0,670.0,8.0,-127.0,8812.000384
-97.0,17459.00032,10768.0,2019-03-31 00:00:00,1.3317201935767706,2504.0,12270.000128,2104.0,1165.0,335.759488,2374.000128,335.759488,8522.999808,327.0,-863.0,1941.759488,554.0,8609.000192,-123,1699.000064,18290.999296,-88.75999999999999,88.76,261,-28654.000128,21751.00032,8850.000128,1559.759488,-112.0,2474.0,41.76,-41,21750.99904,-63.240508,134.0,0.0825008636974788,90,-116,860.0,34.66,19246.999296,115.0,-151.999488,-113.65,-387.0,-863.0,41.76,-47.0,-265.0,238.759488,327.0,46945.001472,-854.0,598.0,327.0,0.0274567087075324,-47.0,0.126,41.76,0.1976218218671002,-186.240512,13142.000128,300.0,34.66,-938.0,8294.000128,7306.0,-2.0,-97.0,956.0,597.76,8.0,-130.0,8609.000192
-98.0,17377.999872,10869.000192,2019-06-30 00:00:00,-1.3388746803069054,2791.000064,12192.0,2096.0,1259.0,385.0,2262.000128,385.0,8153.999872,549.0,-803.0,1748.759488,691.0,8675.000064,-102,1622.0,17756.000256,-515.0,515.0,261,-26236.000256,21806.000384,8702.999808,1362.759488,524.0,2538.0,155.0,54,21806.000128,4.0,494.0,0.0805806522514362,91,143,887.0,28.97,19015.00032,471.0,-88.0,-156.4,222.0,-803.0,155.0,-360.0,53.0,287.0,549.0,43991.998464,-565.0,856.0,549.0,0.0261579286004307,260.0,0.067,155.0,0.2373612823674476,-98.0,13131.00032,311.0,28.97,-894.0,8330.999808,7056.0,-316.0,121.0,732.0,571.76,9.0,-173.0,8675.000064
-95.0,17139.00064,11077.000192,2019-09-30 00:00:00,-0.6513353115727003,1971.000064,12113.000448,2192.0,1779.000064,123.0,1920.999936,123.0,8568.999936,163.0,-682.0,1201.759488,263.0,8407.000704,-98,1486.0,17654.99904,-64.0,63.0,261,-26953.00096,21405.000832,8731.999936,818.759488,-61.0,2532.0,-107.0,-16,21404.99968,-67.0,108.0,0.0330281021493143,92,-4,855.0,25.6,19433.999104,98.0,-82.0,-134.8,-386.0,-682.0,-107.0,-170.0,-47.0,28.0,163.0,44608.0,-339.0,635.0,163.0,0.0106186020112945,-70.0,-0.187,-107.0,0.0827725437415881,-165.0,12998.000128,245.0,25.6,-951.0,8544.999936,6544.0,-117.0,381.0,684.0,229.76,9.0,-284.0,8407.000704
-105.0,13963.0,11232.0,2019-12-31 00:00:00,0.8838842267511559,1960.999936,12030.000128,1984.0,1901.0,317.0,1855.000064,317.0,8696.000512,247.0,-613.0,1073.0,150.0,5020.0,-83,1755.000064,14158.000128,-3219.0,3219.000064,261,-28987.000832,18107.000064,8943.0,686.0,-98.0,2480.0,243.0,-102,18107.000832,-122.0,3008.0,0.0415984575217998,92,-41,881.0,25.59,16146.000128,3074.0,-240.0,87.58500000000001,84.0,-613.0,243.0,-2976.0,165.0,212.0,247.0,43144.998912,-485.0,778.0,247.0,0.0108846277192863,-31.0,-0.058,243.0,0.1806267740398213,-205.0,13087.000064,148.0,25.59,-663.0,8752.0,6553.999872,-3247.000064,454.0,636.0,216.0,3.0,-94.0,5020.0
0.0,9493.000064,11020.99968,2020-03-31 00:00:00,-2.7755464397232594,1908.0,12008.999936,2075.000064,1896.999936,33.0,2024.999936,33.0,8720.0,428.0,-531.0,858.0,190.0,344.999936,-68,1254.0,9585.999872,-4610.0,4608.999936,262,-33652.000768,13390.999552,9148.000128,560.0,-40.0,2551.000064,129.0,-199,13390.999552,-121.0,4477.000192,0.0,91,-28,681.0,4.18,11482.999808,4444.000192,-46.0,16.333000000000002,181.0,-531.0,129.0,-4480.0,-29.0,33.0,428.0,43237.998592,-405.0,502.0,428.0,0.0239030229826263,188.0,-0.314,129.0,0.0263157894736842,-189.0,13045.999616,166.0,4.18,-509.0,8470.000128,6117.000064,-4622.000128,419.0,560.0,420.0,107.0,142.0,344.999936
30.70886,9018.99936,11333.000192,2020-06-30 00:00:00,0.2023088161329723,1658.0,12005.999616,2150.000128,1996.999936,-369.0,1710.0,-369.0,8928.0,135.0,-335.0,104.0,652.0,-44.000256,-94,596.0,9344.0,-177.0,177.0,262,-34090.000384,12998.999936,9062.999616,-65.291136,-35.0,2687.000128,-209.0,17,12999.000064,-67.0,156.0,0.0,91,-93,622.0,13.5,11340.999936,145.0,137.291136,-208.765,-293.0,-335.0,-209.0,-386.0,-251.0,-338.291136,135.0,43434.000384,-335.0,84.0,135.0,0.0031604654329317,31.0,-1.006,-209.0,-0.6191275167785235,-161.0,13043.000192,652.0,13.5,-408.0,8645.999616,4986.0,-378.0,-175.0,1996.999936,55.0,138.708864,-162.0,-44.000256
-111.0,9117.00032,11530.000384,2020-09-30 00:00:00,-0.3551907147462924,1719.000064,12003.00032,2166.000128,2089.0,119.0,1382.0,119.0,8992.0,162.0,-239.0,100.0,658.0,-36.999936,-52,1046.0,9066.999808,50.0,-49.0,262,-34486.001664,12875.000448,9154.000256,-85.291136,-40.0,2670.000128,-53.0,-45,12874.999808,-94.0,36.0,0.0,92,-99,524.0,9.47,11155.999744,9.0,-16.0,100.805,27.0,-239.0,-53.0,-4.0,65.0,8.0,162.0,43553.001472,-233.0,304.0,162.0,0.0064177363852357,82.0,-0.356,-53.0,0.1137667304015296,-146.0,12912.000384,657.0,9.47,-359.0,8860.000256,4568.999936,41.0,202.0,556.0,110.0,3.0,-50.0,-36.999936
-136.0,8998.000256,11475.00032,2020-12-31 00:00:00,0.9787530568776458,1846.0,11996.99968,2106.0,1994.000064,196.0,1308.0,196.0,8773.000192,262.0,-197.0,145.0,184.0,-37.000064,-76,1280.999936,8819.00032,14.0,-16.0,262,-34809.99936,12746.000256,9035.00032,-282.0,-42.0,2560.0,-6.0,37,12746.000384,-221.0,108.0,0.0,92,31,609.0,14.19,10900.000256,67.0,-15.0,152.116,100.0,-197.0,-6.0,10.0,301.0,60.0,262.0,43628.998656,-163.0,498.0,262.0,-0.0023984700704456,-208.0,-0.116,-6.0,0.1530054721251758,-297.0,12783.00032,178.0,14.19,-190.0,8915.00032,4362.999808,55.0,179.0,434.0,-37.0,-26.0,86.0,-37.000064
-120.0,9271.00096,11445.000192,2021-03-31 00:00:00,0.0950850472074011,2344.999936,11989.000192,2180.999936,2064.000064,746.0,1338.0,746.0,8389.000192,538.0,-256.0,692.0,234.0,344.00064,-83,2090.0,8718.000128,0.0,-38.0,262,-35145.998336,13127.000832,8927.00032,355.708864,-61.0,2625.999936,350.0,-56,13127.000064,-525.0,72.0,0.0,90,-152,703.0,17.9,10782.000128,93.0,-214.0,378.966,276.0,-256.0,350.0,388.0,415.0,626.0,538.0,43863.998464,-253.0,671.0,538.0,0.0061844785570118,-128.0,0.713,350.0,0.3569377990430622,-608.0,12783.000192,77.0,17.9,-267.0,8819.00032,5012.999936,450.0,360.0,493.0,82.0,-8.0,530.0,344.00064
-43.0,9532.000064,11045.999616,2021-06-30 00:00:00,0.8711212334160238,2944.999936,11966.000128,2148.999936,2066.0,543.0,1772.999936,543.0,7590.000128,1248.999936,-306.0,1604.0,149.0,693.000192,-86,1604.0,8501.000192,0.0,-55.0,262,-33743.998976,13511.999744,8838.999872,1194.0,-20.0,2523.999936,261.0,116,13511.999488,-173.0,122.0,0.0,91,224,796.0,21.63,10567.000192,78.0,-147.0,354.333,711.0,-306.0,261.0,316.0,663.0,500.0,1248.999936,42245.001216,-128.0,969.0,1248.999936,0.0416430922506169,-132.0,0.5700000000000001,261.0,0.3385286783042394,-259.0,12818.999552,72.0,21.63,-126.0,8521.999872,6020.999936,408.0,762.0,2066.0,552.0,67.0,1444.0,693.000192
