Non-Operating Income (Loss),StockBased Compensation,Line of Credit Available,Equity Charge,WACC Discount Factor,Other Accrued Liabilities,Operating Leases,Line of Credit,Total Current Liabilities,BALANCE SHEET,Total Liabilities & Equity,Operating Income,NonCash Items,Days in Period,Net Share Repurchases,"Cash, Cash Equivalents & STI",Misc LT Assets,Rental Expense - Years 2 - 5,"Selling, General & Admin",Revenue,ST Debt,-Net Share Repurchases,LTM Basic EPS,Rental Expense - Year 1,ST Capital Leases,Rental Expense Beyond Year 5,Dep & Amort,Work In Process,Total Liabilities / Tangible Assets,Current Liabilities,Other Adjustments,Free Cash Flow (LTM),Deferred Compensation,Other Operating Expenses,Free Cash Flow to Firm,ST Deferred Tax Assets,Cash (Repurchase) of Equity,Free Cash Flow to Equity,Deferred Tax Liabilities,Repayments of LT Debt,Other PostRet Benefits,Effect of Foreign Exchanges,Income (Loss) from Cont Ops,year + weight + convention,Free Cash Flow to Firm Model,Dividends,Net Extraordinary Losses (Gains),Net Cash From Disc Ops (fin),Period Weight,Pretax Income,LT Marketable Securities,ST Borrowings,Dividend Yield (LTM),Free Cash Flow per Share,LT Receivables,Prepaid Expenses,Cash % of Revenue,Diluted - Basic Shares,Diluted EPS,Operating Margin,Operating Expenses,Line of Credit Used,Interest & Dividends Payable,PP&E Gross,EBITDAR,A = L + SE,Inventories,Discontinued Operations NI,PV of Free Cash Flow to Firm,Pensions,Raw Materials,Other Non-Op Income (Loss),Bull,Discounted Residual Income (Bear)
-15.053,2230.168064,801.395008,2011-03-31 00:00:00,0.0,144.324992,0.0,8.86,97.983,25.234,174.412992,25.234,722.556032,0.0,-6.481,60.915748,115.332,1507.612032,-6.361,96.068,2241.112064,0.0,50.3997,0.0,-464.849984,2483.420032,722.556032,-0.0325,-28.477,78.839,-8.5353,14.809,2483.419904,-3.129,76.873,0.0,90,26.2,129.779,0.0,2339.095064,68.451,-18.7163,0.0,-8.988,-6.481,-8.5353,-58.935,63.686,10.181,0.0,2705.961984,-6.481,70.167,0.0,0.0,41.523,0.0,-8.5353,0.0,-9.49,975.808,29.086,0.0,-120.678,722.556032,455.123504,-58.935,0.0,21.528,41.512763,0.0,53.75825,1507.612032
-15.606,2459.297984,989.014016,2011-06-30 00:00:00,0.0,174.123008,0.0,11.485,182.853,33.516,172.786,33.516,873.537984,3.943,-40.278,91.769496,136.701,1581.81696,-8.207,114.714,2386.640896,0.0,-58.8237,0.0,-503.828992,2743.616976,877.481024,26.336,-0.381,111.533,15.7993,-12.774,2743.617024,-2.304,-82.781,0.0278464100836866,91,-23.705,111.964,0.0,2569.493888,-48.996,-2.1107,0.0,3.943,-40.278,15.7993,74.623,1.458,17.91,3.943,2890.469888,-40.278,41.736,3.943,0.0166113551233134,154.619008,0.0,15.7993,0.0,-10.511,1161.800016,36.762,0.0,-192.412,877.481024,471.511008,74.623,156.458,23.221,40.688826,0.0,23.6495,1581.81696
-20.608,2865.299968,1315.305984,2011-09-30 00:00:00,0.0,228.132,0.0,11.866,268.334992,43.738,202.36,43.738,1168.226048,4.18,-203.846,122.623244,160.009992,1692.893952,-7.404,132.412,2714.093056,0.0,-89.391904,0.0,-548.446016,3210.559936,1172.406016,52.7045,-6.914,142.9,21.6861,20.441,3210.56,-1.105,-136.324992,0.0257090659454049,92,19.212,125.889,0.0,2982.428064,-86.746992,-1.4439,0.0,0.237,-203.846,21.6861,111.078,-117.303,23.13,4.18,3262.539008,-203.846,86.543,4.18,0.0143990982158299,288.086016,0.0,21.6861,0.0,-8.509,1517.665984,8.161,0.0,-374.392,1172.406016,487.898512,111.078,177.697,29.062,39.864889,0.0,-6.45925,1692.893952
-23.137,3276.136064,1574.936064,2011-12-31 00:00:00,0.0,333.641984,0.0,12.279,569.632976,50.989,255.058,50.989,1313.986944,3.343,-52.27,153.476992,298.182,1958.806016,-11.37,161.092,2880.413952,0.0,97.815904,0.0,-601.702016,3788.80008,1317.330048,79.073,0.069,257.606008,10.09085,-11.618,3788.8,-3.338,-397.948,0.0,92,-8.87,176.806,0.0,3455.157976,-242.436992,-17.76115,0.0,-0.837,-52.27,10.09085,265.912,15.591,27.852,3.343,3482.116096,-52.27,67.861,3.343,0.0,145.068992,0.0,10.09085,0.0,-14.708,1829.994064,49.632,0.0,-213.767008,1317.330048,504.286016,265.912,160.591,28.21,39.040952,0.0,-36.568,1958.806016
-24.37,3142.794944,1568.760064,2012-03-31 00:00:00,0.0,274.606016,0.0,33.01,404.047,48.915,376.296,48.915,1450.068992,18.989,-88.258,177.158,229.766008,1673.73696,-9.173,92.034,2937.473024,340.09965,-299.923648,0.0,-173.343008,3618.793024,1469.057984,93.437,-0.04,124.702,-12.36865,34.755,3618.79296,-1.804,-492.816992,0.022133755264534,91,20.694,288.676,0.0,3344.187032,-296.461984,-36.913648,0.0,3.15,-88.258,-12.36865,327.731008,12.233,24.545,18.989,3110.816,-88.258,100.491,18.989,0.011539289364259,-222.04,0.0,-12.36865,0.531488362996284,-10.977,1945.056064,69.187,0.0,124.699,1444.057984,500.252,287.555008,-209.767,32.611,35.2076,0.0,-88.021,1673.73696
0.0,0.0,0.0,2012-06-30 00:00:00,0.0,0.0,0.0,0.0,0.0,0.0,0.0,0.0,0.0,0.0,0.0,159.186,0.0,0.0,0.0,0.0,0.0,0.0,0.0,0.0,0.0,0.0,0.0,-16.544,0.0,0.0,0.0,0.0,0.0,0.0,0.0,0.0,91,0.0,0.0,0.0,0.0,0.0,0.0,0.0,0.0,0.0,0.0,0.0,0.0,0.0,0.0,0.0,0.0,0.0,0.0,0.0,0.0,0.0,0.0,0.0,0.0,0.0,0.0,0.0,0.0,0.0,620.002016,0.0,0.0,0.0,-16.907972,0.0,-202.708496,0.0
0.0,0.0,0.0,2012-09-30 00:00:00,0.0,0.0,0.0,0.0,0.0,0.0,0.0,0.0,0.0,0.0,0.0,162.040504,0.0,0.0,0.0,0.0,0.0,0.0,0.0,0.0,0.0,0.0,0.0,-64.3525,0.0,0.0,0.0,0.0,0.0,0.0,0.0,0.0,92,0.0,0.0,0.0,0.0,0.0,0.0,0.0,0.0,0.0,0.0,0.0,0.0,0.0,0.0,0.0,0.0,0.0,0.0,0.0,0.0,0.0,0.0,0.0,0.0,0.0,0.0,0.0,0.0,0.0,677.860016,0.0,0.0,0.0,-44.882434,0.0,-285.778744,0.0
0.0,0.0,0.0,2012-12-31 00:00:00,0.0,0.0,0.0,0.0,0.0,0.0,0.0,0.0,0.0,0.0,0.0,164.895008,0.0,0.0,0.0,0.0,0.0,0.0,0.0,0.0,0.0,0.0,0.0,-112.161,0.0,0.0,0.0,0.0,0.0,0.0,0.0,0.0,92,0.0,0.0,0.0,0.0,0.0,0.0,0.0,0.0,0.0,0.0,0.0,0.0,0.0,0.0,0.0,0.0,0.0,0.0,0.0,0.0,0.0,0.0,0.0,0.0,0.0,0.0,0.0,0.0,0.0,735.718016,0.0,0.0,0.0,-72.856896,0.0,-368.848992,0.0
-221.940992,3513.27008,1994.034944,2013-03-31 00:00:00,0.0,195.044,0.0,39.632,363.323008,73.159,473.104,73.159,1882.723968,4.806,-549.652992,211.705008,153.176,1625.740032,-12.717,181.526,3534.067968,-75.064,75.064,0.0,-213.707008,4092.878976,1887.530048,-153.163502,7.759,131.505,27.067,35.506,4092.879104,-4.362,123.015,-0.0625894178079481,90,24.961,408.683,0.0,3897.834976,92.615,175.848992,0.0,-14.183,-549.652992,27.067,-47.997,-439.446016,-148.782,4.806,3747.774976,-549.652992,110.207,4.806,-0.026779191631352,423.495008,0.0,27.067,0.4030221566056653,-17.079,2467.138944,63.425,0.0,-547.884992,1862.530048,880.072,-47.997,0.0,33.748,-103.256172,-192.012992,-759.905736,1625.740032
-33.468,4200.149952,2590.683904,2013-06-30 00:00:00,0.0,327.904992,0.0,44.181,422.609016,71.852,477.531008,71.852,2432.349952,10.867,-1180.61696,258.515008,283.362992,1756.932992,-13.567,205.807008,4074.633984,114.74710000000002,-114.747104,0.0,-266.296,4825.147904,2443.21696,-194.166004,3.139,172.467,16.4459,22.658,4825.147904,-7.3,-54.906,0.0,91,14.723,372.545008,0.0,4497.242976,0.994,-21.9381,0.0,-8.122,-1180.61696,16.4459,83.196,-988.220032,38.384,10.867,4340.930048,-1180.61696,192.396992,10.867,0.0,977.889024,0.0,16.4459,0.3491231940945373,-20.867,3068.214912,78.142,0.0,-1178.407936,2418.21696,1024.425984,131.193,-13.469968,33.915,-133.655448,0.0,-1150.96248,1756.932992
-84.478,4873.281984,3207.495936,2013-09-30 00:00:00,1.9248095358025168,359.512992,0.0,34.333,555.579984,110.879,586.884992,110.879,2983.870976,11.584,-1853.261952,305.325008,311.794992,1877.826944,-14.443,269.588,4757.11488,106.29595,-103.195952,0.0,-331.992992,5672.207872,2995.45504,-235.168506,6.626,237.041,14.59805,25.256,5672.207872,-5.372,-160.824,0.0,92,13.529,483.377,0.0,5312.694912,-40.129,-11.80295,-520.145,-7.405,-1853.261952,14.59805,204.09,-1521.325056,26.401,11.584,5089.107968,-1853.261952,331.936992,11.584,0.0,1525.542016,0.196,14.59805,0.4112905618944463,-19.815,3794.380928,106.938,0.0,-1864.883968,2970.45504,1168.779968,117.794,-2.409008,51.914,-164.054724,-47.034,-1542.019224,1877.826944
-527.465984,5677.65904,2392.691968,2013-12-31 00:00:00,-0.186175979254703,333.564,3404.8,35.113,952.04496,96.046,622.228992,96.046,2061.511936,17.487,-614.521024,352.135008,282.8,3598.66,-384.711008,656.014016,5327.97184,64.24060800000001,-62.0836,2.62,-407.219008,6613.58096,2078.99904,-276.171008,-60.566,313.693,-287.260608,25.972,6613.5808,-5.238,-112.627,0.0,92,28.385,544.355,63.44,6280.016832,325.417,144.159392,-505.946,5.903,-614.521024,-287.260608,-223.02,-411.751008,-431.42,17.487,5735.19104,-614.521024,202.77,17.487,0.0,611.841024,0.254,-287.260608,0.1464084572241822,-389.948992,3014.92096,99.8,63.44,-808.707968,2078.99904,1313.133952,-225.176992,-1317.91704,274.264992,-194.454,-491.688992,-1933.075968,3598.66
-31.342,6068.856904,2840.61312,2014-03-31 00:00:00,-0.130983510689838,321.921984,3433.936896,39.205,546.307984,145.176,760.806016,145.176,2523.238912,12.58,-731.705984,423.953,280.759,3533.037896,-62.966,416.064992,6266.2272,-154.049,154.048992,2.62,-498.424992,7134.457032,2535.819008,-252.801,-0.701,304.794008,59.29,39.004,7134.456832,-6.997,252.436992,-0.0763462435283955,90,36.646,690.602992,62.6,6812.535168,240.911992,-54.544,-526.341,-4.907,-731.705984,59.29,-94.759,-457.399008,113.834,12.58,6764.652032,-731.705984,274.307008,12.58,-0.03507985494022,456.299008,0.338,59.29,0.3489262562133561,-69.963,3601.419136,150.08,62.6,-735.513024,2535.819008,1547.474016,-94.759,-0.398976,45.426,-196.926658,0.0,-3378.695104,3533.037896
-37.26,6893.86304,3661.266944,2014-06-30 00:00:00,0.614455854108349,387.228,3466.411008,41.65,793.038016,120.419,860.713984,120.419,3351.363072,19.273,-983.097984,472.52,320.534,3523.227008,-72.303,436.056992,6864.94208,-88.99,91.2,2.62,-601.028992,8045.207936,3370.636032,-208.026,-33.671,290.630992,46.705,13.973,8045.208064,-7.656,144.848,-0.0631297377352201,91,3.886,770.903016,65.63,7657.980096,158.868,-36.454,-471.199,5.339,-983.097984,46.705,-42.285,-760.729984,83.159,19.273,7465.9712,-983.097984,222.368,19.273,-0.0258994480672315,801.329024,0.374,46.705,0.276154269302486,-79.959,4521.980928,145.248,65.63,-1018.358016,3370.636032,1777.724,-44.495,74.270016,438.784,-166.667558,0.0,-3151.205056,3523.227008
-42.455,7889.287936,4500.422144,2014-09-30 00:00:00,0.2037720127488124,502.703008,3490.69696,44.147,917.157984,76.966,1064.035968,76.966,4131.557888,6.308,-1102.771968,438.607,429.64,3751.421952,-85.192,510.966016,7896.018944,153.167,-153.167008,2.621,-722.731008,9315.880064,4137.865984,-199.916,-10.581,362.556008,50.742,78.791,9315.879936,-64.927,-243.076992,-0.0463733654032411,92,55.621,946.823984,54.89,8813.17696,-82.403,16.231,-665.16,-11.611,-1102.771968,50.742,203.908992,-800.700992,34.511,6.308,8618.749952,-1102.771968,302.071008,6.308,-0.0174169793601465,756.918976,0.307,50.742,0.1506284128297095,-150.119008,5564.458112,148.680992,54.89,-1070.601024,4137.865984,2019.102016,203.908992,-800.70096,458.948992,-130.523608,0.0,-2430.580992,3751.421952
-127.445,9836.37984,5204.93312,2014-12-31 00:00:00,0.7059500344502002,1252.16,3516.346112,47.587,968.882992,141.55,894.732032,141.55,4116.57088,245.979008,-1268.992,542.515008,889.977984,5473.83008,-73.151,585.126976,9352.452096,623.81189,-623.811904,2.621,-879.643008,11573.495232,4362.54976,246.68,-6.75,842.383032,-17.08989,-56.66,11573.494784,-33.073,-882.36,0.0286888270404327,92,-78.348,882.53,40.58,10321.335104,-486.251008,-28.94689,-626.992,239.671008,-1268.992,-17.08989,606.721984,-1069.617024,14.105,245.979008,10232.09472,-1268.992,199.375008,245.979008,0.0125917558841328,1305.474048,0.26,-17.08989,0.2419133039595153,-106.224,6099.665152,197.424,40.58,-1265.177984,4362.54976,1948.21504,608.969984,-844.616992,68.886,114.503608,-78.451,-3088.446976,5473.83008
-53.185,10606.569984,4993.682944,2015-03-31 00:00:00,-0.2574795176286476,1188.029952,4080.836096,49.076,1977.057984,142.522,1053.993024,142.522,3986.803968,185.491008,-770.825984,539.860992,884.129024,6434.275072,-132.398,654.972992,9316.862976,346.605,-346.604992,2.768,-1061.942976,12481.95104,4172.294912,279.516,-20.521,821.388,47.826,101.657,12481.95072,-1.371,-559.795008,0.0450976998500204,90,58.937,771.000992,35.32,11293.921024,-284.674008,-36.771,-564.876,-60.488,-770.825984,47.826,394.431008,-419.432,89.337,185.491008,10378.806272,-730.825984,351.393984,185.491008,0.0204051633276343,327.353984,0.217,47.826,0.2175998121156116,-133.769,6047.675968,170.163008,35.32,-739.235968,4172.294912,2187.122976,399.171008,-569.432,523.758016,200.138,0.0,-2853.804992,6434.275072
-59.823,10809.48416,5256.851968,2015-06-30 00:00:00,0.4668240839386602,1017.179008,4102.488064,49.215,1827.216992,62.634,966.182976,62.634,4356.751872,143.286,-607.193024,423.672,794.703024,6309.446016,-138.244,574.820992,9688.085504,-140.828,140.828,2.77,-1238.989056,12532.48096,4500.038144,140.764,-14.195,756.813968,-4.545,-8.905,12532.481024,-0.628,232.732992,0.0176003600271771,91,35.407,700.838016,34.34,11515.302528,176.225992,-1.466,-247.8,-42.205,-607.193024,-4.545,-145.372992,-363.479008,2.811,143.286,10927.074304,-607.193024,243.714,143.286,0.0074773323351322,313.623008,0.045,-4.545,0.1089626177048175,-138.872,6223.034944,130.286,34.34,-599.542016,4500.038144,2325.886976,-139.483008,-35.479024,521.824992,76.93311,0.0,-2653.229024,6309.446016
-60.921,11517.200896,5440.881152,2015-09-30 00:00:00,-1.5327729404641777,1040.328,4125.517056,55.965,2592.825984,76.717,1025.769024,76.717,4379.366912,27.41,-510.035008,423.423,952.013984,7110.424064,-121.484,570.182976,9943.919616,534.5615286249999,-534.561536,2.77,-1427.655936,13577.07424,4406.776832,122.049,-11.947,1034.104008,-0.719528625,-3.286,13577.073664,-1.087,-845.376,0.0053470802350686,92,9.119,701.191984,21.16,12536.745728,-486.001,-5.6235285,495.5,-115.876,-510.035008,-0.719528625,533.841984,-263.988992,15.796,27.41,11371.57632,-510.035008,246.046,27.41,0.0022252769843555,136.164,0.038,-0.719528625,0.1345480367340886,-122.571,6466.650176,117.532,21.16,-498.086016,4406.776832,2385.103936,544.734016,-356.989008,584.998016,25.471581375,0.0,-2116.517024,7110.424064
-60.471,11995.190784,6161.275904,2015-12-31 00:00:00,1.637036218181818,1248.236032,4125.581056,82.077,2174.746048,126.336,707.270016,126.336,4685.040128,23.473,-459.855008,408.208992,1145.359008,7286.678016,-122.036,629.952,10732.24192,115.627212,-115.627208,2.77,-1589.372032,14155.223936,4708.512768,173.808992,-14.154,1452.762952,42.836788,-56.844,14155.224064,-19.357,-177.796992,0.0181195151323448,92,-68.842,688.185,21.8,12906.988032,-82.018992,-5.918212,-110.0,-3.937,-459.855008,42.836788,158.464,-290.073984,65.865,23.473,12321.613824,-459.855008,169.780992,23.473,0.0072666079140793,287.576992,0.135,42.836788,0.2005486132276744,-141.392992,6868.54592,136.328992,21.8,-461.295008,4708.512768,2429.92896,175.574,11.925984,66.296,93.480256,0.0,-1341.528064,7286.678016
-63.284,12123.153024,6223.284224,2016-03-31 00:00:00,0.4626076419965576,1238.339968,4254.525952,80.275,2132.56996,138.698,645.084032,138.698,4662.939136,39.87,-510.123008,2.586,1119.716976,7420.343936,-194.22,765.427008,10917.801984,-37.474682,37.474684,2.771,-1780.525952,14288.712192,4702.809088,-241.913,162.524,1520.475024,32.419682,42.536,14288.71168,-1.014,75.928,0.0116750272414092,91,48.83,625.390992,24.87,13050.371968,104.213,-27.289318,-116.2,16.397,-510.123008,32.419682,-5.055,-169.955008,75.414,39.87,12698.328064,-510.123008,340.168,39.87,0.0049721197784033,195.524,0.184,32.419682,0.1812034309612445,-195.234,6868.368256,144.518,24.87,-519.295008,4702.809088,2540.382976,10.65,-136.955008,34.337,66.55347,0.0,-1092.050992,7420.343936
-62.111,11844.912896,5388.448768,2016-06-30 00:00:00,-0.0099195168595873,669.784,5025.889792,75.925,1791.125944,109.142,569.432,109.142,4215.762944,28.251,-435.267008,244.974,569.927008,7600.898816,-186.079008,727.936,11097.870336,-622.149176,622.149184,3.042,-1977.789952,13558.779584,4244.01408,-1.813008,-23.692,1144.435008,25.905176,-35.152,13558.779904,0.828,1017.696,0.0169403250615123,91,-30.218,547.48,25.98,12888.996352,667.017984,-0.37182321875,-198.7,-11.619,-435.267008,25.905176,-596.243968,-196.728992,47.031,28.251,13075.659776,-435.267008,238.538,28.251,0.0074357192829956,268.907008,0.106,25.905176,0.1499335106382978,-185.251008,5957.880768,140.007008,25.98,-519.064,4244.01408,2693.497984,-575.489984,-656.729008,117.219,97.003646,0.0,-920.787984,7600.898816
-58.212,12740.186368,6037.066752,2016-09-30 00:00:00,5.33835502660861,695.470976,5134.98112,61.883,2777.628032,145.463008,611.904,145.463008,4741.391872,18.512,-982.060032,519.639008,813.986992,7980.282112,-172.188,782.881024,11156.154368,199.335956,-199.335952,3.072,-2176.793088,14629.252864,4759.904256,275.561,-29.842,1277.162936,38.919044,25.893,14629.25312,-1.166,-295.636992,0.0226729928010404,92,17.327,589.668992,26.95,13933.782272,-128.331992,-18.390956,-103.35,-9.739,-982.060032,38.919044,238.255008,-655.068992,87.251,18.512,13332.946944,-982.060032,326.991008,18.512,0.0099325722964721,599.577984,0.12,38.919044,0.1858047436847824,-173.354,6648.970752,199.892,26.95,-936.307968,4759.904256,2906.196032,268.196,-130.069024,762.537984,140.08069,0.0,-1311.826976,7980.282112
-69.46,12432.550784,5709.583872,2016-12-31 00:00:00,0.731892697466468,402.587008,5302.629888,55.16,1826.21604,215.396992,817.388032,215.396992,4672.363008,31.61,-567.979008,608.700032,341.294992,7728.57792,-159.426,887.910016,12026.74688,-537.306136,537.306112,3.149,-2363.778048,14255.549824,4703.972864,355.632992,-72.797,1005.611024,51.534136,-113.419,14255.550464,-30.327,895.630016,0.0240616053058271,92,-68.859,596.419,23.65,13852.962816,667.747024,-61.434864,-134.2,13.098,-567.979008,51.534136,-485.772,-232.42,145.936992,31.61,14390.524928,-396.149008,335.559008,31.61,0.0103298770581127,98.01,0.192,51.534136,0.2425887625081143,-189.752992,6526.971904,268.272992,23.65,-420.471008,4703.972864,3164.154112,-452.804,-110.59,95.153,146.739904,0.0,-1254.173056,7728.57792
-64.439,13029.254272,5911.265792,2017-03-31 00:00:00,-0.2398135198135198,503.697984,6410.308096,54.299,2079.657008,134.316,723.436032,134.316,4775.302144,0.0,-516.233984,604.318,466.824008,8253.952128,-154.691008,801.652992,12305.299456,228.15224,-228.15224,3.15,-2566.35904,14888.653952,4775.302144,350.095992,-30.195,1135.964008,40.24376,91.984,14888.653824,-2.107,-332.008992,0.0228666615844762,90,97.337,653.069008,22.81,14384.956416,-175.159992,7.5287615,-160.875,-31.61,-516.233984,40.24376,268.396,-122.295,69.877,0.0,14871.658496,-516.233984,393.939008,0.0,0.0107344932138256,262.924,0.091,40.24376,0.1675488039593071,-156.798,6634.701824,9.679,22.81,-688.473024,4775.302144,3200.380032,305.558016,-52.294976,37.804,156.602116,0.0,-1206.512984,8253.952128
-64.959,13594.834944,6446.299136,2017-06-30 00:00:00,1.159974607681582,735.883008,6438.200832,53.772,1896.492984,84.365,693.059968,84.365,5251.783168,40.19,-679.648,579.541,679.198984,8302.861824,-141.52,735.811968,12809.844736,24.478302,-24.478302,3.154,-2767.357952,15442.220928,5291.97312,322.470992,-42.854,1154.325952,-29.610302,-7.054,15442.221056,-1.804,8.301,0.0145502186652351,91,2.853,673.070008,21.61,14706.337792,54.095,-3.919302,-197.225,114.524,-605.313984,-29.610302,-5.132,-426.000992,19.406,40.19,15577.202688,-605.313984,253.647008,40.19,0.0069712516571014,495.612,0.029,-29.610302,0.1146556507218974,-143.324,7139.359104,8.573,21.61,-634.734976,5291.97312,3208.256,39.965,88.999008,36.631,101.086638,0.0,-1435.784984,8302.861824
-63.026,12897.782976,5744.275968,2017-09-30 00:00:00,2.0980177041420114,610.953024,6567.4752,52.764,1203.0629760000002,96.384,717.676032,96.384,4486.827008,23.694,-521.656992,530.461992,543.404992,8387.262144,-141.087008,775.315968,13035.198464,-104.70736,104.70736,3.155,-2973.543936,14849.214144,4510.520832,268.577992,269.683008,1233.754968,-30.35564,38.657,14849.214464,-1.599,961.390976,0.0044690948288426,92,29.899,698.124008,19.9,14238.261504,942.759976,-18.65064,169.0,-16.496,-521.656992,-30.35564,-135.063008,523.564992,33.358,23.694,16008.741888,-521.656992,1045.222016,23.694,0.0021583180271736,-510.952992,0.053,-30.35564,0.1243157679940883,-142.686,6461.952,10.024,19.9,-550.764992,4510.520832,3200.690944,-90.0,-259.434976,38.928,31.811954,0.0,-257.151,8387.262144
-56.083,13676.22592,5623.258112,2017-12-31 00:00:00,-0.0283494219199581,833.086976,6574.11584,43.316,1192.85004,185.108,762.096,185.108,4771.649024,28.441,-499.214016,500.172992,769.749976,8876.135808,-155.659008,919.843968,13235.55328,428.243312,-428.243296,3.164,-3182.17088,15261.48992,4800.090112,464.105984,-83.42,823.167992,58.625688,-51.8,15261.490176,-27.548,41.964,0.0348093663335495,92,-54.054,715.823984,19.0,14428.403328,-333.728992,-27.65431,-191.15,4.747,-499.214016,58.625688,486.868992,-185.731008,129.025,28.441,16417.724416,-497.058016,313.483008,28.441,0.016995803546788,204.587008,0.176,58.625688,0.201238477871934,-183.207008,6385.354112,8.943,19.0,-513.323008,4800.090112,3232.624896,529.614016,104.424992,48.291,250.832912,0.0,-210.462,8876.135808
-56.564,13797.803648,5711.898112,2018-03-31 00:00:00,-0.9391449409234416,800.033984,6591.246848,46.427,1129.066984,291.742016,789.852992,291.742016,4853.553152,23.153,-545.963008,657.599016,750.189008,8921.097856,-255.768992,1122.813056,13493.747712,-110.111744,110.111744,3.165,-3410.09792,15422.84896,4876.705792,416.967,-58.268,835.191992,124.944744,55.927,15422.849024,-1.885,211.416992,0.0156265118986033,90,56.089,733.745,19.85,14622.81472,241.692992,-44.256252,-72.533,-5.288,-545.963008,124.944744,14.833,-4.414,235.178,23.153,16903.845888,-545.963008,541.548992,23.153,0.0081556160788085,16.732,0.376,124.944744,0.259831335627077,-257.654,6501.751104,10.374,19.85,-563.569024,4876.705792,3553.78496,80.81,70.585984,47.037,123.60449,0.0,-92.581008,8921.097856
-60.085,14091.255104,6098.962944,2018-06-30 00:00:00,1.873133117760932,834.929984,6600.708096,47.427,1174.526016,134.366,788.732992,134.366,5237.735936,50.608,-563.060992,707.600016,748.646,8802.91104,-275.107008,1014.118016,13681.150976,-127.22585,127.225848,3.171,-3647.909888,15690.606976,5288.344064,471.842,-71.158,810.619,-9.15915,-50.826,15690.606592,-2.054,239.331008,0.0183327267782162,91,-37.803,746.539992,21.35,14855.676928,232.829008,-14.33015,-92.467,27.455,-563.060992,-9.15915,-136.384992,-265.67,74.281,50.608,17329.061888,-563.060992,297.391008,50.608,0.0092542600774173,338.841984,0.188,-9.15915,0.1324954274355382,-277.160992,6887.695936,6.59,21.35,-608.777984,5288.344064,3832.091008,-67.275,144.330016,52.104,144.055642,0.0,67.749984,8802.91104
-63.823,14158.155968,6317.512192,2018-09-30 00:00:00,1.6599089051094889,906.632,6614.518784,48.363,1111.4839920000002,225.163008,813.870976,225.163008,5487.00416,0.0,-567.220992,836.379024,860.027968,8671.151808,-211.624,1074.638976,13784.419328,-215.704244,215.70424,3.171,-3890.83392,15802.534976,5487.00416,599.824,-71.074,830.508024,61.285244,-1.698,15802.534912,-0.665,298.878016,0.0302771182649676,92,-2.053,794.988,17.71,14895.90336,334.033016,-23.607756,-54.8,-50.608,-567.220992,61.285244,-154.419008,-145.763008,161.34,0.0,17675.25376,-567.220992,421.457984,0.0,0.015378993421142,125.926,0.225,61.285244,0.2095243268005198,-212.288992,7131.383168,12.664,17.71,-597.992,5487.00416,4131.414016,-77.972,51.236992,45.823,235.696526,0.0,-601.578016,8671.151808
-71.402,13949.164928,6178.446848,2018-12-31 00:00:00,0.3391515151515151,806.612992,6488.260096,65.971,842.935976,293.868992,853.539968,293.868992,5461.687808,0.0,-534.340992,565.731008,755.540016,8487.47712,-139.116992,1242.779008,13869.915136,-256.208816,256.208816,3.086,-4153.724928,15519.463936,5461.687808,604.28,-90.499,716.758968,134.662816,-22.977,15519.464448,-45.719,838.460032,0.0649079915688449,92,-41.656,842.186024,9.39,14712.851136,721.088032,52.477812,214.5,0.0,-534.340992,134.662816,-121.546,287.248,222.467008,0.0,18023.63904,-534.340992,821.588992,0.0,0.0333491660846548,-241.204,0.429,134.662816,0.2364611810372645,-184.836,7031.986816,35.45,9.39,-580.385024,5461.687808,4360.70912,18.736,265.627,47.125,513.259584,-5.411,-547.302976,8487.47712
-154.960992,15206.433184,7729.150976,2019-03-31 00:00:00,-0.6045341981132075,544.896,6136.486912,56.753,2338.969024,243.636,1266.781056,243.636,6913.634816,0.0,-471.932992,897.034,495.917008,8292.797952,-222.383008,1211.867008,14404.865024,985.173965,-985.173952,3.087,-3872.886016,17288.729984,6913.635232,546.763008,-714.187008,1228.618984,-6.410965,88.267,17288.730624,-2.732,-1086.758016,0.0218985761168466,90,109.065,844.848992,8.83,16743.834112,-790.001,-48.092964,169.6,0.0,-471.932992,-6.410965,978.763008,67.071,88.675,0.0,18277.750784,-471.932992,539.004032,0.0,0.0110283848680495,-334.187008,0.302,-6.410965,0.2010418621776689,-225.115008,8995.932032,8.341,8.83,-204.816992,6500.532224,4543.403008,1025.756032,447.07104,35.448,180.377945,-97.092,-57.114008,8292.797952
-40.579,15276.523904,7770.073088,2019-06-30 00:00:00,0.3309997319753416,713.049024,6141.220864,57.965,2371.633944,-46.178,1221.106944,-46.178,6936.823808,0.0,-342.252992,716.49,663.055008,8339.699968,-179.920992,1015.936,14246.197248,111.296384,-111.296384,3.091,-4115.186944,17330.88,6936.823936,385.725008,-2.335,1246.939976,-69.128384,49.284,17330.880512,-0.314,-122.852,0.0146894340681191,91,31.91,803.04,5.53,16617.831168,-99.194,17.628614,-93.275,0.0,-342.252992,-69.128384,42.168,-124.149,-86.757,0.0,18361.38496,-340.269992,218.104,0.0,0.0072927491497143,122.665,-0.116,-69.128384,-0.0454536506236613,-180.235008,8991.180032,7.4,5.53,-340.768992,6523.132928,4545.220992,42.168,2.834008,34.883,120.408711,0.0,84.406992,8339.699968
-165.612992,14383.713152,7502.422016,2019-09-30 00:00:00,-0.4809521173539994,729.500032,6127.083008,59.366,2245.891008,-37.332,1171.168,-37.332,6937.014784,0.0,-292.176,453.994992,700.293008,7446.697984,-144.139008,1018.096,13144.896512,-726.1126879999999,726.112704,3.041,-3136.766976,16120.288,6937.015168,21.440016,-0.745,975.396976,-152.751312,-23.494,16120.288256,-0.208,1117.565952,-0.0121908789889234,92,-13.653,756.811016,3.02,15390.787584,848.496952,50.193684,-180.65,0.0,-292.176,-152.751312,-878.864,-93.766,-202.944992,0.0,16281.663488,-292.176,198.41,0.0,-0.0058658875192375,81.331,-0.323,-152.751312,-0.0366684477691691,-144.347008,8673.590016,7.342,3.02,-279.740992,6527.025152,4488.678016,-878.864,6.234,21.388,-93.627845,0.0,136.404,7446.697984
17.734,13618.608672,7186.685952,2019-12-31 00:00:00,0.3750890248797791,922.884992,6133.323776,58.635,1409.44504,-74.553,1040.140032,-74.553,6647.865856,0.0,-315.792992,87.776,876.466016,6970.742784,-165.807008,1023.908992,12865.23904,-444.242964,444.242976,2.959,-3327.629056,15197.568768,6647.865888,-158.551008,3.163,844.141008,-37.953036,-82.15,15197.569024,-132.593,637.059008,-0.0169196845273816,92,-91.78,721.218984,2.85,14274.684032,530.114008,18.865964,-122.067,0.0,-315.792992,-37.953036,-482.196,-167.852992,-56.819,0.0,16192.868352,-315.792992,147.94,0.0,-0.0080621660365002,68.223,-0.091,-37.953036,-0.0728121352410195,-298.4,8226.825984,135.731008,2.85,-216.163008,6342.544896,4269.808128,-482.196,-81.944992,21.094,-123.822912,125.0,-314.016,6970.742784
-181.156992,13116.923744,6961.375232,2020-03-31 00:00:00,0.0491899406996868,1120.020992,6093.931008,60.432,596.488984,124.77,971.873984,124.77,6524.384256,0.0,-311.611008,-33.293,1028.077032,6592.54,-124.494,962.198016,12809.279488,-298.136752,298.136736,2.689,-3527.305984,14525.789216,6524.383744,-402.907992,-0.471,732.648984,-40.673248,63.492,14525.789184,127.814,437.635008,-0.0403761044551392,91,7.727,668.901,0.7129,13405.768512,330.979008,15.713752,-105.733,0.0,-311.611008,-40.673248,-338.809984,-110.934,-56.387,0.0,16336.584704,-311.611008,200.676992,0.0,-0.0188911215264946,-13.996,-0.001,-40.673248,0.1296718533246279,3.32,7933.249216,10.313,0.7129,-186.680992,6228.72576,4020.139008,-338.809984,-81.769024,20.039,-300.50598,0.0,-496.701992,6592.54
-37.721,12515.781064,6446.7712,2020-06-30 00:00:00,0.6768069090909091,842.276992,6100.8512,62.312,401.63799200000005,-96.802,864.24,-96.802,6082.802176,0.0,-263.522,-83.917,785.264016,6432.979208,-151.456,966.838016,12500.074496,-357.81728,357.81728,2.684,-3408.099072,13743.990408,6082.801856,-450.674,299.423008,594.468016,-105.48672,-13.564,13743.98976,-20.459,504.862016,-0.046541539524918,91,-6.31,623.258008,2.54,12901.712512,370.431016,29.27228,-88.0,0.0,-263.522,-105.48672,-463.304,-147.559008,-134.523008,0.0,15908.173824,-263.522,115.963,0.0,-0.0216808188128483,146.964,-0.144,-105.48672,-0.1001222525366648,-171.915008,7311.0112,8.942,2.54,-262.927008,5852.302848,3971.041024,-463.068,-299.265,18.319,-336.864316,-6.138,-520.112,6432.979208
-538.899008,11803.788128,6330.4832,2020-09-30 00:00:00,-0.6328208955223881,521.782016,6168.4352,64.223,333.211016,540.595008,1035.374976,540.595008,5819.907072,0.0,-151.268992,494.010008,433.719992,5983.881184,-160.22,1644.132992,12494.7456,-550.327844,550.327872,2.685,-3659.376128,13349.73936,5819.906944,-246.033008,-26.485,762.144008,14.714844,-111.167,13349.738496,0.07,720.436992,-0.0258330793774765,92,-80.308,630.215008,2.75,12827.956608,552.257992,-5.214156,67.0,0.0,-151.268992,14.714844,-535.612992,24.601,1.696,0.0,16154.12224,-151.268992,175.87,0.0,-0.0114963017458749,-241.415008,-0.076,14.714844,0.3288024816912134,-160.15,7365.858176,11.934,2.75,65.545,5568.338944,4597.078016,-553.846016,-190.329008,16.215,-169.39816,-515.275008,-401.745,5983.881184
-26.75,11706.672928,6077.520896,2020-12-31 00:00:00,-0.3633779264214047,574.139008,6198.182912,59.694,316.165,63.273,983.052992,63.273,5616.40192,0.0,-147.955008,8.734,545.681984,6090.270912,-167.716,1157.085056,12260.54144,62.72536699999999,-62.725368,2.686,-3869.115904,13150.8448,5616.402016,-261.042,319.416,727.141968,7.135633,-19.034,13150.844928,-0.188,-41.476,-0.032333926577779,92,-30.156,638.228992,5.45,12576.706432,-6.375,-3.904367,149.5,0.0,-147.955008,7.135633,69.83,95.175,36.523,0.0,16129.656832,-147.254008,243.13,0.0,-0.0145293501321593,-97.132,0.066,7.135633,0.0546831018790722,-167.904,7060.573888,15.238,5.45,-145.998,5350.379008,4215.472128,95.344,-320.672008,13.79,-205.942016,-0.582,-138.716992,6090.270912
143.627008,11346.865856,5551.105024,2021-03-31 00:00:00,0.6815763664122135,586.307008,6320.664064,56.856,296.801,123.11,1221.328,123.11,5118.91712,0.0,-123.158,630.176008,499.649992,6227.949088,-206.151008,1204.198016,12117.2736,0.0,212.645776,3.011,-3990.459904,13000.382112,5118.916768,170.432984,-106.44,697.739008,197.146784,51.16,13000.382464,-5.802,321.232992,0.0182094285684758,90,60.487,761.012,10.2,12414.074592,323.928992,-65.195216,262.0,0.0,-123.158,197.146784,-15.499,440.573008,266.736992,0.0,16107.734016,-123.158,563.731008,0.0,0.0082474629927876,-440.756,0.549,197.146784,0.1022340166353504,-211.952992,6772.433024,11.781,10.2,-122.975,4853.36576,4972.25408,-11.104,106.25700000000006,12.403,113.510541,167.676,412.789984,6227.949088
712.595968,10620.52416,5246.821888,2021-06-30 00:00:00,0.3690215652173916,550.44,6366.908928,58.184,268.00800000000004,-652.568,1883.09696,-652.568,4897.568768,4.541,-182.591008,74.410008,509.754,5718.413952,-231.171008,489.368,12029.88544,0.0,585.04672,3.135,-4095.538944,12848.3328,4902.110208,364.983992,-6.715,614.323008,61.579712,31.703,12848.3328,-25.403,793.694016,0.0486537529392072,91,21.37,826.058984,15.03,12297.89344,621.977016,-9.432286,92.0,4.541,-182.591008,61.579712,-523.467008,125.94998400000004,60.028,4.541,16125.423616,-180.240008,308.540992,4.541,0.021102103614074,-124.097,0.252,61.579712,-1.3334913602851024,-256.574,7129.918848,14.958,15.03,-179.903008,4632.4992,4494.784064,-534.451008,10.918999999999984,10.944,280.576973,745.081984,686.298992,5718.413952
