Non-Operating Income (Loss),StockBased Compensation,Line of Credit Available,Equity Charge,WACC Discount Factor,Other Accrued Liabilities,Operating Leases,Line of Credit,Total Current Liabilities,BALANCE SHEET,Total Liabilities & Equity,Operating Income,NonCash Items,Days in Period,Net Share Repurchases,"Cash, Cash Equivalents & STI",Misc LT Assets,Rental Expense - Years 2 - 5,"Selling, General & Admin",Revenue,ST Debt,-Net Share Repurchases,LTM Basic EPS,Rental Expense - Year 1,ST Capital Leases,Rental Expense Beyond Year 5,Dep & Amort,Work In Process,Total Liabilities / Tangible Assets,Current Liabilities,Other Adjustments,Free Cash Flow (LTM),Deferred Compensation,Other Operating Expenses,Free Cash Flow to Firm,ST Deferred Tax Assets,Cash (Repurchase) of Equity,Free Cash Flow to Equity,Deferred Tax Liabilities,Repayments of LT Debt,Other PostRet Benefits,Effect of Foreign Exchanges,Income (Loss) from Cont Ops,year + weight + convention,Free Cash Flow to Firm Model,Dividends,Net Extraordinary Losses (Gains),Net Cash From Disc Ops (fin),Period Weight,Pretax Income,LT Marketable Securities,ST Borrowings,Dividend Yield (LTM),Free Cash Flow per Share,LT Receivables,Prepaid Expenses,Cash % of Revenue,Diluted - Basic Shares,Diluted EPS,Operating Margin,Operating Expenses,Line of Credit Used,Interest & Dividends Payable,PP&E Gross,EBITDAR,A = L + SE,Inventories,Discontinued Operations NI,PV of Free Cash Flow to Firm,Pensions,Raw Materials,Other Non-Op Income (Loss),Bull,Discounted Residual Income (Bear)
0.131094,420.369064,144.959152,2011-03-31 00:00:00,0.0,16.182505,356.542144,6.086449,3.395556,6.618292,26.564096,6.618292,62.731952,0.768048,-17.518172,17.22811825,1.330088,356.869064,-2.238554,21.436696,508.81424,-4.049803,4.049803,0.029123,-6.257103,528.392312,63.5,21.778988,-0.986816,81.459157,4.376723,-1.82705,528.39232,-1.578383,5.654577,0.0,90,-2.374812,34.25408,0.0,512.209796,5.846577,-2.372663,0.0,0.768048,-17.518172,4.376723,0.32692,-7.332042,6.749386,0.768048,515.07136,-17.518172,10.186129,0.768048,0.0,7.113184,0.0,4.376723,0.0,-3.816937,171.523248,1.052061,0.0,-16.531265,63.5,67.634065,0.32692,0.767957,2.923798,17.2242475,0.843866,-37.55839475,356.869064
-1.01723,457.211467,178.001568,2011-06-30 00:00:00,0.0,18.784562,356.538528,7.043667,4.269678,8.943394,26.63658,8.943394,92.8,0.0,-42.5317,23.3081775,1.969557,364.411467,-2.698101,24.89236,545.995392,2.783359,-2.78335925,0.029123,-13.992762,569.049615,92.8,24.966256,-0.827598,85.201576,4.924386,1.377779,569.0496,-1.494563,-4.014793,0.0,91,-2.293805,18.238632,0.0,550.26507,0.485717,-3.001778,0.0,-0.768048,-42.5317,4.924386,7.707745,-29.24045,7.926164,0.0,559.98816,-42.5317,13.29125,0.0,0.0,28.472402,0.0,4.924386,0.0,-4.192664,204.638148,0.838486,0.0,-42.5317,92.8,79.322662,7.707745,0.05955,3.442377,17.184799,-0.165225,-59.1343565,364.411467
-1.125433,501.417555,222.085264,2011-09-30 00:00:00,0.0,24.294878,356.611264,7.95326,6.153619,8.5285,35.499844,8.5285,131.947432,0.152569,-53.439588,29.376185,4.304534,369.317555,-4.179301,26.85424,596.454144,2.73087375,-2.73087375,0.029123,-21.16645,626.902663,132.1,30.284954,-1.21484,89.985269,2.102478,2.313821,626.902656,-1.360654,-3.873831,0.0,92,0.472386,28.972472,0.0,602.607763,2.897228,-5.300589,0.0,0.152569,-53.439588,2.10247825,4.833352,-37.932592,7.403067,0.152569,617.620608,-53.439588,15.506996,0.152569,0.0,38.08516,0.0,2.10247825,0.0,-5.539955,257.585108,0.885097,0.0,-53.439588,132.1,89.543026,4.833352,1.367408,4.401924,14.3793,-0.003526,-79.548454,369.317555
-1.339,534.581519,97.836552,2011-12-31 00:00:00,0.0,32.127004,515.452064,9.053746,4.0971,7.743,38.530944,7.743,4.510326,2.089674,-46.399924,35.468296,3.165419,527.981519,-8.497,34.444,628.124928,-4.46115,4.46615,0.039478,-31.538204,664.349015,6.6,31.340792,-0.660021,91.236553,4.28515,2.811379,664.348992,-2.451,7.039534,0.0386852967870325,92,-2.839963,27.068326,0.0,632.222028,11.210999,-2.11885,0.0,1.937105,-46.399924,4.28515,-0.176836,-27.781194,6.404,2.089674,659.663104,-46.399924,18.618728,2.089674,0.0289819393197055,29.7183,0.0,4.28515,0.0,-10.948,136.367496,1.868016,0.0,-46.399924,6.6,102.699856,-0.181,-153.281196,3.418626,17.105902,-0.009,-102.28628,527.981519
0.611896,558.798232,121.002688,2012-03-31 00:00:00,0.0,43.555336,516.122624,11.326251,3.596162,17.760268,66.875108,17.760268,21.6,0.0,-34.600536,42.975162,2.859756,537.198232,-5.964718,46.619292,677.924544,-2.913271,2.9815305,0.039478,-43.246712,725.076028,21.6,40.105395,-0.035058,99.402688,11.459424,2.123989,725.076032,-4.785932,3.709325,0.0509389804366583,91,-12.418759,51.556908,0.0,681.520706,9.72992,-6.9127395,0.0,-2.089674,-34.600536,11.459424,8.546153,-16.91524,18.372164,0.0,721.171264,-34.600536,17.685294,0.0,0.0363334869423173,14.964942,0.0,11.459424,0.3809639151105083,-10.75065,187.877796,1.974266,0.0,-34.739912,21.6,132.809892,8.477894,-1.915242,3.259565,22.771438,1.173412,-111.869476,537.198232
-0.739588,622.100112,175.097472,2012-06-30 00:00:00,0.0,50.84376,516.9184,13.284025,14.210135,19.702198,75.452912,19.702198,59.994624,2.605378,-76.878592,53.733966,9.269451,559.500112,-7.110385,51.585424,744.996608,10.386609,-10.074059,0.040012,-52.02326,810.050496,62.6,51.141841,-0.592138,112.497467,11.119494,1.080147,810.050496,-4.783956,-13.65851,0.062704152450069,91,2.810971,128.862384,0.0,759.206743,0.600535,-7.8431165,0.0,2.605378,-76.878592,11.119494,21.506104,-38.17444,18.96261,2.605378,797.01984,-76.878592,38.704152,2.605378,0.0420078949802349,40.407864,0.0,11.119494,0.3819334314282266,-11.894341,250.550384,1.899507,0.0,-76.50664,62.6,159.502956,21.193552,2.82556,12.134491,28.966546,-0.084895,-120.803466,559.500112
-1.123462,686.664616,271.10656,2012-09-30 00:00:00,0.0,52.690204,518.362016,47.825492,8.933444,15.006997,90.066632,15.006997,117.454416,4.845583,-98.899936,60.212463,4.229694,564.364616,-9.335266,58.235012,863.914176,-5.384302,7.16095,0.040057,-69.63104,925.537808,122.3,57.622309,-0.050232,148.806561,8.805189,4.151781,925.537792,-7.732582,12.551011,0.0764055652081204,92,-1.189259,125.9878,0.0,872.84762,15.740493,-5.078346,0.0,2.240205,-98.899936,8.805189,3.420887,-62.641564,13.883535,4.845583,933.545216,-93.687936,36.258372,4.845583,0.0459524963369158,59.649768,0.0,8.805189,0.2576971564803662,-17.067848,361.173192,1.515475,0.0,-93.667936,122.3,190.883728,1.644239,2.270436,8.382667,35.669257,0.002172,-145.512438,564.364616
-1.841,736.517504,321.369312,2012-12-31 00:00:00,0.0,55.303536,519.465472,51.784584,3.429711,26.967,102.603008,26.967,153.732336,4.267667,-103.761624,79.436672,5.209879,578.517504,-8.995,74.04,943.756544,-1.2950500000000016,1.09005,0.040116,-89.669728,1002.489824,158.0,75.171184,-0.903544,163.369298,14.34505,14.087229,1002.489792,-5.438,4.105128,0.0797856285138355,92,11.502681,72.850272,0.0,947.186255,15.89159,-10.78095,0.0,-0.577916,-103.761624,14.34505,13.049434,-38.773888,25.126,4.267667,1033.426304,-99.636624,64.987736,4.267667,0.0539544153059495,34.796456,0.0,14.34505,0.3642220421393841,-14.433,423.97232,3.031815,0.0,-100.362104,158.0,230.479856,13.255,1.05101,3.429711,44.966656,-0.05,-156.505136,578.517504
-1.826,782.74324,363.565792,2013-03-31 00:00:00,0.0,61.771256,520.935392,53.716936,3.797249,23.766,93.941248,23.766,188.3296,3.170403,-69.929,85.442195,3.64705,591.24324,-13.166,76.8,983.18176,-2.12185,2.34585,0.040269,-117.212368,1048.75028,191.5,79.912145,-2.96,172.065808,13.61885,-4.987,1048.750272,-5.374,5.549,0.0844484790434926,90,-11.899,62.292672,0.0,986.979009,16.975,-8.32115,0.0,-1.097,-69.929,13.37785,11.256,-30.13,21.94,3.170403,1100.394112,-69.929,39.799,3.170403,0.0539946700440856,30.54,0.0,13.37785,0.309453125,-18.54,457.50704,2.950855,0.0,-71.436,191.5,260.660436,11.273,3.37,3.262256,47.888583,0.137,-169.719892,591.24324
-5.956,908.424064,481.147712,2013-06-30 00:00:00,0.0,110.814888,523.401312,54.500936,13.766825,31.653,105.520832,31.653,253.915344,46.084656,-107.725,97.392997,3.819614,608.424064,-13.283,93.565,1070.510912,0.0,0.9659,0.040287,-146.579392,1195.092608,300.0,86.646535,2.914,181.147728,15.8489,4.17,1195.092608,-6.214,-6.95,0.0890502826615004,91,1.739,76.370016,0.0,1084.277737,4.957,-9.8481,0.0,42.914,-107.725,15.4739,14.715,-56.696,25.697,46.084656,1217.090304,-107.725,51.029,46.084656,0.0524830261690888,101.017,0.0,15.4739,0.3382995778335916,-19.497,586.668544,2.397342,0.0,-109.132,300.0,302.640012,14.883,41.407,10.483329,52.617989,-0.086,-188.241452,608.424064
-6.233,966.982,525.466912,2013-09-30 00:00:00,0.0,101.850392,525.677824,48.894256,10.132599,53.481,145.822896,53.481,321.131104,17.368896,-148.154,135.867,3.546161,628.482,-13.811,119.099,1187.7888,-11.468300000000005,11.7663,0.040279,-183.1856,1299.771808,338.5,120.011,-3.536,186.966904,29.6913,35.431,1299.771776,5.987,19.223,0.1214675869106041,92,12.693,96.9174,0.0,1197.921399,33.008,-17.5567,0.0,-28.716,-148.154,29.2493,17.781,-47.86,47.248,17.368896,1370.974464,-148.154,100.294,17.368896,0.0660619098187421,38.018,0.0,29.2493,0.4490465914911124,-7.824,671.289808,2.305269,0.0,-167.028,338.5,363.504,17.925,-6.306,9.651725,73.5041,-0.053,-173.459888,628.482
-7.999,1164.874936,714.68128,2013-12-31 00:00:00,0.0,264.174432,527.792512,51.9508,14.15127,45.384,175.225536,45.384,328.265024,180.581584,-116.164608,135.665008,2.495788,656.028344,-15.242,131.598,1267.609472,2.1637500000000003,-2.23275,0.040286,-224.848464,1545.93516,508.846592,113.650488,-1.302009,205.834667,23.26825,16.099442,1545.935104,-9.641,9.861082,0.111217293567861,92,21.865208,121.664752,0.0,1281.760742,27.81445,-14.11675,0.0,163.212672,-116.164608,23.26825,25.431724,9.595898,37.385,180.581584,1492.457856,-116.164608,125.760504,180.581584,0.055190350800905,164.946144,0.0,23.26825,0.3448684630465508,-24.883,889.906816,1.637925,0.0,-127.493976,508.846592,410.53024,25.501,175.716216,13.858579,70.324232,-0.04,-134.957504,656.028344
-9.284,1180.435008,727.787008,2014-03-31 00:00:00,0.0,227.480992,530.128,57.098,13.463,31.408,220.462,31.408,377.196992,131.343,-126.069,143.307608,4.419,671.895008,-23.714,125.168,1379.2,-0.0481500000000014,4.25815,0.04,0.0,1620.144016,508.54,122.193486,-4.487,219.247,13.83515,17.7,1620.144,-11.832,2.707,0.1198891049651755,90,4.979,168.160992,0.0,1392.663,17.975,-8.28885,0.0,-49.239,-126.069,13.57915,13.531,-48.385,22.124,131.343,0.0,-120.069,77.684,131.343,0.0569331335430285,-4.627,0.0,13.57915,0.2509267544420299,-35.546,948.249008,4.274,0.0,-122.296,508.54,458.897416,9.577,-42.525,13.463,75.974257,0.051,-151.704878,671.895008
-9.267,1188.33296,730.478016,2014-06-30 00:00:00,0.0,152.319008,537.174976,52.745,24.548,20.355,236.536992,20.355,471.678016,36.555,-157.172,142.544056,4.366,680.099968,-24.547,130.29,1470.247936,-5.976629000000001,5.86365,0.04,-316.943008,1647.114976,508.232992,116.632468,4.197,222.245,7.13465,8.74,1647.115008,-13.253,27.957,0.1131294957485123,91,-10.924,160.503008,0.0,1494.795936,35.934,-3.95335,0.0,-94.788,-157.172,7.134629,1.158,-76.887,11.088,36.555,1787.19104,-157.172,80.285,36.555,0.0514677798963437,-0.706,0.0,7.134629,0.1562284135390283,-37.8,967.015008,4.213,0.0,-174.367008,508.232992,506.15676,1.271,-81.79,24.548,73.141058,0.167,-170.410506,680.099968
-13.047,1588.468032,1055.169984,2014-09-30 00:00:00,0.0,214.075008,588.835008,55.194,28.948,55.931,230.519008,55.931,715.308032,92.618,-349.96,153.078,17.224,780.542016,-14.814,155.376992,1823.207936,24.493849999999995,-23.65285,0.041,-377.732992,2066.231008,807.926016,113.481,-5.37,247.244,25.20115,14.033,2066.23104,12.16,-50.047,0.0969042091898595,92,22.581,172.568,0.0,1852.155936,-16.611,-17.68285,0.0,56.063,-349.96,24.28815,48.782,-231.967008,42.884,92.618,2200.941056,-349.96,117.993,92.618,0.0412591455181955,292.806016,0.0,24.28815,0.3599696408075656,-2.654,1285.688992,3.924,0.0,-354.736,807.926016,542.432992,48.854,66.209,23.724,69.4392,0.181,-347.64311,780.542016
-14.502,1580.690016,1067.571008,2014-12-31 00:00:00,0.0,208.475008,591.552,61.285,41.137,36.683,198.447008,36.683,838.035008,2.584,-195.668992,152.956,98.762,740.071008,-18.496,144.559008,1756.477056,-60.49791999999999,59.2059,0.041,-592.073024,2006.089024,840.619008,106.854,-0.994,226.952008,16.4559,-17.602,2006.08896,0.015,62.767,0.0972961586189462,92,-15.141,145.788008,0.0,1797.614056,39.788,-5.7251,0.0,-90.034,-195.668992,17.30992,-43.188,-143.911008,22.181,2.584,2348.549888,-194.968992,51.758,2.584,0.0384189694498646,31.803,0.0,17.30992,0.2537579671271678,-18.481,1266.018016,12.522,0.0,-173.595008,840.619008,546.395008,-42.75,-110.413992,23.372,68.232552,-0.052,-501.150016,740.071008
-14.287,1733.078992,1027.764992,2015-03-31 00:00:00,0.0,247.755008,795.667968,66.323,50.995,6.408,161.219008,6.408,736.798976,70.514,-167.284,119.377,119.656,925.765968,-16.872,108.542,1816.0,-14.66535,14.35135,0.05,-649.014976,2114.749968,807.313024,68.274,-8.623,220.451992,-4.06965,-4.139,2114.749952,-6.994,-12.542,0.0563036209504312,90,12.159,134.33,0.0,1866.995,-20.652,3.80935,0.0,67.93,-167.284,-3.75565,-18.421,-135.194,-7.879,70.514,2465.01504,-167.284,32.09,70.514,0.0239482301638319,167.658,0.0,-3.75565,0.0590370547806379,-23.866,1188.984,50.6,0.0,-131.818,807.313024,538.768,-18.421,-168.213,32.656,44.72205,-0.049,-587.959016,925.765968
-14.27,1738.524016,1032.944,2015-06-30 00:00:00,0.0,168.426,799.584,53.816,33.486,-16.707,171.424,-16.707,834.665984,15.34,-128.385,82.315,95.991,888.518,-21.602,105.611,1890.973952,-5.504000000000005,4.816,0.05,-716.953984,2092.886,850.006016,26.209,-1.051,182.938,-36.348,-20.782,2092.886016,-9.896,41.91,0.002782602321944,91,-18.761,120.858,0.0,1924.459952,21.262,-5.371,0.0,-55.174,-128.385,-35.66,-41.164,-97.123,-30.977,15.34,2607.928064,-128.385,31.262,15.34,0.0006627805671959,41.949,0.0,-35.66,-0.1581937487572317,-31.498,1204.368,40.572,0.0,-128.385,850.006016,514.089,-41.164,-54.123,22.176,1.2394,0.198,-608.195016,888.518
-16.15,1655.249016,971.622016,2015-09-30 00:00:00,0.0,169.128,802.915008,35.851,25.345,6.58,192.508992,6.58,850.372992,25.326,-81.454,32.964,101.769,779.550008,-16.663,109.866,1749.208064,-113.0899,111.166896,0.049,-468.172992,1943.681016,875.699008,-26.245,-0.186,95.923,-1.1321,13.232,1943.681024,-5.341,133.374,-0.0041724846354319,92,23.166,149.063,0.0,1774.553064,67.487,8.4379,0.0,9.986,-81.454,0.7909,-112.299,-44.465,-9.57,25.326,2217.38112,-81.454,36.989,25.326,-0.0084324043670599,25.808,0.0,0.7909,0.0598911401161414,-22.004,1164.131008,41.765,0.0,-52.811,875.699008,468.578008,-112.299,-18.471,18.445,-16.9066,-2.077,-435.882008,779.550008
-46.899,1081.073024,914.260992,2015-12-31 00:00:00,0.0,120.074,806.435008,42.595,2.301,4.085,135.972992,4.085,850.324992,21.341,-66.437,0.366,64.868,209.40704,-14.027,99.656,1137.266048,-384.085,384.084992,0.049,-943.081024,1259.641024,871.665984,-190.184992,-0.116,42.595,-189.578,-4.389,1259.64096,-2.602,580.064,-0.5842801918049189,92,2.588,96.36,0.0,1139.567048,523.593,-146.764,0.0,-3.985,-66.437,-189.578,-573.662976,-56.562,-42.814,21.341,2080.347008,-66.437,9.875,21.341,-0.1698735748484675,9.892,0.0,-189.578,0.0409910090712049,-16.629,1050.233984,35.302,0.0,-23.752,871.665984,423.675008,-573.662976,-46.562,2.301,-277.380608,-32.626,-217.536992,209.40704
-14.927,1259.029952,1141.005056,2016-03-31 00:00:00,0.0,287.651008,809.209984,46.92,17.799,-10.727,114.897,-10.727,875.486016,218.599008,-35.357,-16.769,36.863,164.94496,-15.523,51.682,1115.396992,-21.582999999999995,21.583,0.049,-967.940992,1420.847016,1094.084992,-109.015,-0.383,46.92,-25.654,-4.804,1420.846976,-7.209,26.145,-0.4254857892099528,91,18.24,78.992,0.0,1133.195992,29.149,0.0,0.0,197.258,-35.357,-25.654,-47.237,-8.826,-25.654,218.599008,2083.337984,-35.357,26.531,218.599008,-0.1383216780530023,208.616992,0.0,-25.654,-0.2075577570527456,-22.732,1255.902056,15.811,0.0,-37.89,1094.084992,366.815,-47.237,200.174,17.799,-244.52485,-0.38,-222.165,164.94496
-25.607,1184.30496,33.093,2016-06-30 00:00:00,0.0,221.684992,811.545984,33.093,4.98,-4.965,1147.268992,-4.965,896.329984,170.171008,-8.173,-5.027,15.257,117.803968,-13.235,58.423,1071.500992,-18.905,18.905,0.049,-1644.333952,1298.16596,1066.500992,-108.61,-1.811,33.093,-30.572,-25.076,1298.166016,-8.489,29.1,-0.4869477320204938,91,-24.705,55.13,0.0,1076.480992,31.48,0.0,0.0,-48.428,-8.173,-30.572,-49.477,-19.948,-30.572,170.171008,2715.83488,-8.173,-11.775,170.171008,-0.1456398177732237,-16.478,0.0,-30.572,-0.0849836536980298,-21.724,1180.361992,11.021,0.0,-20.175,0.0,319.627,-49.477,-34.615,4.98,-246.9361,-9.08,-129.801,117.803968
-14.229,1107.499008,37.771,2016-09-30 00:00:00,0.0,176.746,813.4,37.771,8.362,-10.849,1101.869952,-10.849,889.313024,133.43,-4.986,-22.456,12.155,84.756032,-18.671,53.673,1039.289024,-9.824000000000002,9.824,0.049,-1669.661952,1224.396984,1022.742976,-124.118,-0.089,37.771,-25.078,5.108,1224.397056,-4.562,12.112,-0.6268196390250842,92,11.135,55.93,0.0,1047.651024,13.977,0.0,0.0,-36.741,-4.986,-25.078,-34.902,12.52,-25.078,133.43,2708.95104,-4.986,17.506,133.43,-0.1710071489147136,-44.089,0.0,-25.078,-0.2021314254839491,-23.233,1139.640952,10.062,0.0,-10.158,0.0,263.434,-34.902,-31.48,8.362,-270.882,0.913,-72.816,84.756032
-21.985,1004.425984,44.951,2016-12-31 00:00:00,0.0,112.428,815.038976,44.951,3.082,-45.61,1070.465984,-45.61,904.8,80.565,-4.272,-73.923,12.699,19.060992,-27.474,49.85,1018.968,-2.3230000000000075,2.323,0.049,-1694.482944,1134.477976,985.364992,-156.862,1.678,44.951,-65.011,10.518,1134.477952,-27.857,5.021,-1.212677246679308,92,16.358,61.328,13.74,1022.05,6.664,2.584,0.0,-52.865,-4.272,-65.011,-67.334,-21.971,-67.595,80.565,2713.451008,-4.272,-17.699,80.565,-0.1157244039179955,-35.988,0.0,-65.011,-0.9149448345035104,-55.331,1115.416984,12.699,13.74,0.822,0.0,213.628,-67.334,-59.637,3.082,-138.528992,-6.143,-38.225,19.060992
-3.177,117.841984,921.424,2017-03-31 00:00:00,0.0,127.513,816.428992,921.424,2.737,-2.096,287.566016,-2.096,99.732,91.935,-4.065,-63.52,6.451,-73.825024,-12.094,52.559,1004.915008,-57.851952,57.851952,0.049,-1714.424064,1135.164992,191.667008,-128.518,-0.335,921.424,-36.424048,30.38,1135.165056,-7.105,60.425,0.0,90,26.566,71.111,12.76,1007.652008,62.15,-31.15105,0.0,11.252,-4.065,-36.424048,-94.276,11.587,-5.273,91.935,2719.339008,-4.065,15.652,91.935,-0.1229141694431585,-0.335,-0.245,-36.424048,-0.0398789931315283,-19.199,1208.990016,6.451,12.76,-4.065,0.0,214.505,-94.276,11.587,2.737,-157.085048,1.391,-17.812,-73.825024
0.014,686.410976,49.226,2017-06-30 00:00:00,-1.9265029391611672,84.319,689.990976,49.226,2.739,-2.863,50.907,-2.863,-54.212,54.212,-12.013,-61.418,7.755,686.410976,-19.137,44.144,699.486016,96.2694,-96.2694,4.286,-4.266,786.543976,0.0,-100.795,-2.172,49.226,-2.9134,-55.155,786.544,-3.065,-101.193,-0.3218702884486564,91,-51.561,28.586,31.71,702.225016,-92.853,-0.0644,55.458,-37.723,-12.013,-2.9134,93.356,-51.382,-2.849,54.212,703.752,-12.013,-39.369,54.212,-0.1241673393485533,13.661,-0.174,-2.9134,-0.0648559260601667,-22.202,100.133,7.755,31.71,-12.015,0.0,200.226,93.356,-243.049008,2.739,-129.426448,1.297,-49.246,686.410976
-0.269,693.066976,38.276,2017-09-30 00:00:00,0.1622972559420584,69.377,692.318976,37.504,2.756,13.392846,72.72,13.392846,-31.096,31.096,-38.04,-37.176154,5.08,693.066976,-15.181,45.232,731.929984,-6.684000000000001,6.684,4.286,-10.771,804.062976,0.0,-62.593154,-0.318,38.276,11.012,6.601,804.062976,2.76884625,2.774,-0.2399940527344236,92,-1.846,50.848,32.99,734.685984,5.42,-2.11184625,-19.606,-23.106,-38.04,11.012,4.328,-22.788,13.123846,31.096,742.700992,-38.04,15.252,31.096,-0.092026903688088,-0.318,0.163,11.012,0.2960922798019101,-12.412154,110.996,5.032,32.99,-38.04,0.0,191.785,4.328,-22.788,2.75,-93.336448,-0.004,-84.554,693.066976
-3.198,688.333984,52.818,2017-12-31 00:00:00,-0.5122980179893337,53.153,693.353984,49.846,3.136,8.193,89.219,8.193,-12.711,12.711,-34.536,16.437,7.043,688.333984,-11.356,50.189,774.081984,-9.54739275,9.547393,4.286,-17.032,830.370984,0.0,8.385,0.0,52.818,3.77939275,1.311,830.371008,-6.7,12.901,0.0081215914657556,92,-1.139,62.129,27.59,777.217984,13.936,-1.215607125,-37.689,-18.385,-34.536,3.77939275,-5.768,-18.381,4.995,12.711,791.113984,-34.536,16.155,12.711,0.0029239769147446,0.0,0.383,3.77939275,0.1632429416804479,-18.056,142.037,6.555,27.59,-34.54,0.0,192.124,-5.768,-18.381,3.13,2.8725865,-2.885,-80.964,688.333984
-0.345,718.211984,66.139,2018-03-31 00:00:00,-0.576717741158331,58.486,694.361984,48.053,85.702,21.147,103.056,21.147,9.239,5.761,-37.865,39.869846,3.279,703.211984,-9.533,59.881,728.219008,-6.932,6.932,4.286,-21.401,872.406984,15.0,36.071846,0.0,51.139,20.802,2.171,872.406976,-3.663,7.104,0.0,90,-13.587,69.148,27.71,813.921008,8.112,0.0,-51.885,-6.942,-37.865,20.802,13.87,-21.962,20.802,5.761,749.619968,-37.845,15.903,5.761,0.0325567324400741,15.0,0.64,20.802,0.3531504149897296,-13.196,169.195,3.153,27.71,-37.845,15.0,199.446,13.87,-6.942,85.646,32.67999275,0.012,-114.513,703.211984
-0.528,770.429,118.0,2018-06-30 00:00:00,-0.2217771205807231,81.838,696.72,53.343,85.479,28.637,99.013,28.637,38.011,21.989,-55.192,71.369846,5.659,710.429,-9.917,64.562,760.124992,-18.3675,18.3675,4.286,-29.703,927.442,60.0,67.029846,-0.794,58.0,23.2265,-2.922,927.441984,2.603,17.179,0.0842185128728017,91,-7.54,50.242,37.87,845.603992,19.363,-4.8825,-37.195,16.228,-55.192,23.2265,4.859,-28.946,28.109,21.989,789.827968,-55.192,26.246,21.989,0.0686352085712271,45.174,1.398,23.2265,0.4435581301694495,-7.314,217.013,5.62,37.87,-55.192,60.0,219.864,4.859,16.054,85.479,58.81989275,0.277,-92.077,710.429
0.085,755.596032,59.581,2018-09-30 00:00:00,-1.6638548387096772,106.468,698.524032,53.077,3.159,25.023,123.258,25.023,-24.007,24.007,-66.032,83.0,5.499,755.596032,-10.899,66.058,828.808,18.255,-18.255,4.286,-39.644,938.435032,0.0,79.014,-0.069,59.581,25.108,9.935,938.435008,-1.964,-18.706,0.1006664660412175,92,-12.512,72.72,29.78,831.967,-16.965,0.0,62.0,2.018,-66.032,25.108,43.363,-41.159,25.108,24.007,868.451968,37.082,24.873,24.007,0.0836912219348656,-59.937,1.183,25.108,0.3788034757334463,-12.863,182.839,5.365,29.78,37.082,0.0,240.69,43.363,1.955,3.159,72.91589275,0.693,-110.448,755.596032
-1.016,913.913008,98.145,2018-12-31 00:00:00,-0.080546875,134.811008,700.747008,48.145,8.748999999999999,29.265,99.476,29.265,37.084,12.916,-108.421,117.944,39.041,863.913008,-12.103,66.213,917.974016,77.71816,-77.71816,4.286,-52.842,1061.534008,50.0,116.141,-2.239,48.145,28.37584,10.942,1061.534016,-1.726,-79.342,0.157035627227036,92,6.777,79.39,20.67,926.723016,-77.119,0.12684,-64.0,-11.084,-108.421,28.37584,106.094,-58.845,28.249,12.916,970.816,-108.421,49.576,12.916,0.128842662241379,47.761,1.145,28.37584,0.4419826922205609,-13.829,197.621,4.633,20.67,-108.421,50.0,276.656992,106.094,-8.845,4.885,121.87904,-0.183,-150.912,863.913008
-0.203,955.935008,144.587008,2019-03-31 00:00:00,-1.1843902439024392,119.791,701.974016,55.228,4.998,30.861,100.653,30.861,65.093,32.695,-37.941,113.786,11.473,858.147008,-10.278,72.594,978.598016,-37.651,37.651,4.286,-67.886,1103.387016,97.788,112.124,-0.153,55.228,30.658,-11.182,1103.387008,-2.0,36.52,0.13753190720408,90,-4.945,56.021,22.69,983.596016,37.9,0.0,-20.5,19.78,-37.941,30.658,-6.993,3.78,30.658,32.695,1046.483968,-36.788,41.721,32.695,0.1086837401768301,14.847,1.39,30.658,0.4251177783287875,-12.278,245.240008,5.073,22.69,-36.788,89.359,269.427,-6.993,19.933,4.998,107.36834,0.948,-125.17,858.147008
-0.917,1004.391016,157.324,2019-06-30 00:00:00,0.0,92.834,702.811008,63.532,4.958,35.533,88.008,35.533,95.236,9.149,-85.343,120.682,16.452,900.006016,-9.803,85.783,1047.545984,6.405999999999999,-6.406,4.285,-86.265,1145.338016,104.385,118.631,-0.93,63.532,34.616,-1.529,1145.337984,-3.117,-6.284,0.1474854170706879,91,7.323,45.087,20.88,1052.503984,-4.516,0.0,0.0,-23.546,-85.343,34.616,41.022,-22.616,34.616,9.149,1133.810944,-85.343,62.727,9.149,0.1145879850571771,-0.93,1.69,34.616,0.4142196006201695,-12.92,245.332,5.336,20.88,-85.343,93.792,290.648,41.022,-22.616,3.782,118.75784,-0.532,-118.84,900.006016
3.056,1056.951968,158.011008,2019-09-30 00:00:00,2.107,119.228,704.835968,50.058,7.254,24.195,103.808,24.195,110.657,8.371,-74.095,119.854,22.221,937.923968,-9.92,75.176,1073.260992,8.642,-8.642,4.284,-105.701,1199.742976,119.028,120.774,-0.243,50.086,27.251,26.281,1199.742976,-3.304,-8.518,0.1427805281307572,92,9.244,63.836,22.39,1080.514992,-6.477,0.0,-5.0,-0.778,-74.095,27.251,35.893,-15.535,27.251,8.371,1178.962048,-74.095,58.56,8.371,0.1130877231967607,14.757,1.423,27.251,0.321844737682239,-13.224,261.819008,5.813,22.39,-74.095,107.925,299.766,35.893,-0.535,3.664,120.90084,3.378,-93.216,937.923968
-2.768,1055.920016,164.888992,2019-12-31 00:00:00,-1.9143478260869564,110.516,706.457024,56.428,3.665,26.921,104.739,26.921,108.222,11.008,-59.536,117.51,9.932,936.690016,-9.667,79.667,1092.13696,-21.33632,21.33632,4.284,-126.614,1206.318008,119.23,116.678,-0.07,57.349,18.48132,10.332,1206.317952,-3.639,31.309,0.1180267794551921,92,9.592,57.638,23.34,1095.80196,33.006,-5.67168,-2.3000000000000003,2.637,-59.536,18.48132,-2.855,2.103,24.153,11.008,1218.750976,-58.932,61.639,11.008,0.0937095449785547,-0.07,1.378,18.48132,0.3379190882046518,-13.306,269.627992,7.048,23.34,-58.932,107.54,313.22,-2.855,2.707,3.544,106.259688,-1.976,-32.268,936.690016
9.367,1116.048008,151.286,2020-03-31 00:00:00,4.096904761904762,164.852992,707.635008,64.651,16.012,10.489,96.364,10.489,88.577,11.052,-26.587,97.138,83.921,1016.419008,-9.429,60.405,1083.203968,58.695,-58.695,4.284,-147.79,1264.069008,99.629,105.876,-0.061,64.855,19.856,-9.278,1264.068992,-4.55,-63.284,0.1069093530392903,91,9.904,63.733,11.25,1099.215968,-62.045,0.0,4.2,0.052,-26.587,19.856,78.551,21.407,19.856,11.052,1230.994048,-26.587,47.994,11.052,0.0846514739872673,-21.071,1.126,19.856,0.1736445658471981,-13.979,247.65,5.948,11.25,-26.871,86.431,301.031,78.551,0.397,3.434,100.20432,9.584,-14.641,1016.419008
21.511,1073.514016,152.84,2020-06-30 00:00:00,-1.1510709526440668,103.287,708.156032,68.681,7.361000000000001,-10.163,59.353,-10.163,91.332,4.144,-24.883,51.442,43.695,978.038016,-8.406,36.192,1079.582976,-50.25,50.25,4.282,-169.58,1190.231016,95.476,82.608,-0.966,70.049,11.348,-21.462,1190.23104,-2.682,51.503,0.0819323920942019,91,-16.123,27.483,14.82,1086.943976,52.977,0.0,30.767,-6.909,-24.883,11.348,-38.902,-4.648,11.348,4.144,1249.163008,-24.883,20.235,4.144,0.0658822918178932,-1.996,0.642,11.348,-0.2808079133510168,-11.088,212.193,4.236,14.82,-25.148,82.791,251.44,-38.902,-5.678,2.887,76.93632,22.495,3.327,978.038016
-0.421,1037.192,94.302,2020-09-30 00:00:00,-0.048957571785111,89.84,709.819008,45.056,4.219,19.394,71.521,19.394,50.463,3.777,-5.49,46.641,29.624,982.952,-8.919,58.858,1054.716032,-6.177266000000001,6.177266,4.282,-192.700992,1148.775,54.24,74.33,-0.06,52.684,9.428266,-10.725,1148.77504,-3.998,21.097,0.0615485715733625,92,-10.984,35.518,18.8,1058.935032,27.509,-9.544734,39.667,-0.366,-5.49,9.428266,3.251,37.725,18.973,3.777,1247.41696,-5.49,43.215,3.777,0.0503411816279632,-38.091,0.808,9.428266,0.3295049101226681,-12.917,165.823,3.562,18.8,-5.49,41.618,235.122,3.251,-0.306,2.918,59.113586,-0.065,56.587,982.952
12.384,1075.274,63.076,2020-12-31 00:00:00,0.0577806788511747,92.405,711.491008,43.768,63.391000000000005,13.582,74.484,13.582,5.279,24.743,-6.839,34.211,11.056,1045.252,-9.091,62.635,1027.016,-22.747104,22.747108,4.282,-211.432,1182.812,30.022,85.679,-0.058,45.098,83.375104,-0.453,1182.812032,-3.795,26.047,0.1365284745040694,92,0.23,37.425,19.33,1090.407,-37.442,57.409108,38.3,20.973,-6.839,83.375104,60.628,40.513,25.966,24.743,1238.448,-6.839,47.352,24.743,0.1132594382943377,-20.089,0.864,83.375104,0.2168436177855831,-12.886,137.56,3.574,19.33,-6.29,17.978,218.09,60.628,20.482,2.871,135.29576,12.872,94.997,1045.252
-4.022,1075.099,67.25,2021-03-31 00:00:00,-4.688421052631578,104.903,713.118016,49.89,63.544,26.782,94.276,26.782,-10.356,38.695,-28.948,49.595,3.468,1046.76,-9.251,74.159,1039.838976,0.0,17.283892,4.282,-229.876992,1208.286,28.339,79.047,-0.058,51.311,17.164892,8.773,1208.285952,-4.001,19.637,0.1176012987389402,90,3.055,39.607,35.73,1103.382976,21.205,-5.5951085,-3.8,13.952,-28.948,17.164892,-0.119,14.015999999999998,22.76,38.695,1269.715968,-28.948,42.964,38.695,0.0981382242824111,-0.064,0.778,17.164892,0.3611429496082741,-13.252,161.526,3.468,35.73,-28.948,15.939,231.844,-0.119,13.994999999999996,2.888,121.316262,-3.603,87.606,1046.76
-23.351,1612.969992,300.7,2021-06-30 00:00:00,-0.7023168395561501,142.054,1087.824,73.872,186.793,67.494,230.366,67.494,203.452992,24.403,-28.359,127.252,6.046,1385.113984,-12.144,156.035008,1587.332992,0.0,60.256604,4.378,-264.147008,1916.179984,227.856008,111.842,-6.411,85.157,34.937604,-12.603,1916.179968,-6.499,56.468,0.1226377891148872,91,-21.571,83.097,47.07,1774.125984,48.479,-9.205397,27.667,-14.292,-28.359,34.937604,-25.319,8.235999999999997,44.143,24.403,1851.480064,-28.359,36.595,24.403,0.0932947157519215,-71.806,1.278,34.937604,0.4325567759768371,-18.643,531.066,6.046,47.07,20.919,215.543008,351.687008,-25.319,-46.764,5.531,144.905866,-20.11,100.49,1385.113984
