Non-Operating Income (Loss),StockBased Compensation,Line of Credit Available,Equity Charge,WACC Discount Factor,Other Accrued Liabilities,Operating Leases,Line of Credit,Total Current Liabilities,BALANCE SHEET,Total Liabilities & Equity,Operating Income,NonCash Items,Days in Period,Net Share Repurchases,"Cash, Cash Equivalents & STI",Misc LT Assets,Rental Expense - Years 2 - 5,"Selling, General & Admin",Revenue,ST Debt,-Net Share Repurchases,LTM Basic EPS,Rental Expense - Year 1,ST Capital Leases,Rental Expense Beyond Year 5,Dep & Amort,Work In Process,Total Liabilities / Tangible Assets,Current Liabilities,Other Adjustments,Free Cash Flow (LTM),Deferred Compensation,Other Operating Expenses,Free Cash Flow to Firm,ST Deferred Tax Assets,Cash (Repurchase) of Equity,Free Cash Flow to Equity,Deferred Tax Liabilities,Repayments of LT Debt,Other PostRet Benefits,Effect of Foreign Exchanges,Income (Loss) from Cont Ops,year + weight + convention,Free Cash Flow to Firm Model,Dividends,Net Extraordinary Losses (Gains),Net Cash From Disc Ops (fin),Period Weight,Pretax Income,LT Marketable Securities,ST Borrowings,Dividend Yield (LTM),Free Cash Flow per Share,LT Receivables,Prepaid Expenses,Cash % of Revenue,Diluted - Basic Shares,Diluted EPS,Operating Margin,Operating Expenses,Line of Credit Used,Interest & Dividends Payable,PP&E Gross,EBITDAR,A = L + SE,Inventories,Discontinued Operations NI,PV of Free Cash Flow to Firm,Pensions,Raw Materials,Other Non-Op Income (Loss),Bull,Discounted Residual Income (Bear)
20.0,24909.999232,15136.0,2011-03-31 00:00:00,0.0,3544.0,12167.999488,726.0,319,893.0,4669.000192,893.0,9066.000384,849.0,-3380.999936,3340.0,378,14994.999424,-1115.000064,2793.999872,29709.000704,-724.0,723.0,7.0,-26698.000384,34799.999616,9914.999808,3475.0,751.0,5221.000064,561.0,-663,34800.001024,0.0,1187.000064,0.169628381587564,90,-663,2350.000064,0.0,31256.000704,1117.000064,-352.0,0.0,747.0,-3380.999936,518.0,-162.0,-2663.000064,913.0,849.0,56406.99904,2228.999936,718.0,849.0,0.0662917895771878,-2196.999936,0.0,518.0,0.0,-1115.000064,19805.000192,112,0.0,2225.999872,9914.999808,10332.999936,-162.0,47.000064,79,2157.4,1.0,-9912.999936,14994.999424
24.0,25529.999232,15445.000192,2011-06-30 00:00:00,0.0,3126.000128,12131.999744,778.0,373,902.923072,5728.0,902.923072,9937.999872,109.0,-3383.000064,3399.923072,309,15482.99968,-1496.0,3211.000064,32052.000768,95.0,61.0,7.0,-27120.001024,36655.999872,10046.999552,3522.923072,531.0,5397.999872,571.0,168,36656.001024,16.923076,-114.0,0.1656736193234581,91,168,2780.0,0.0,33530.000704,245.0,-355.923072,0.0,-740.0,-3383.000064,528.0,510.0,-2031.000064,926.923072,109.0,59171.999744,-2294.000128,1352.0,109.0,0.0631747166678003,351.0,0.0,528.0,0.0,-1479.076864,21173.000192,125,0.0,-2443.000064,10046.999552,11136.0,510.0,-1075.000128,366,2174.0,1.0,-10203.000064,15482.99968
28.0,28086.999808,17628.99968,2011-09-30 00:00:00,0.0,3470.000128,12135.000064,814.0,348,855.0,6194.999808,855.0,11678.000128,111.0,-4088.999936,3453.923072,622,16298.000128,-1543.000064,3345.999872,35137.998848,420.0,-383.0,7.0,-27605.000192,40121.999616,11788.99968,3560.923072,178.0,5840.0,539.0,221,40121.99936,0.0,-641.0,0.1587800632316668,92,221,2950.0,0.0,36651.998848,-10.0,-344.0,0.0,2.0,-4088.999936,496.0,922.0,-2457.999872,883.0,111.0,62742.99904,-4088.999936,1631.000064,111.0,0.0588812041706528,1846.0,0.0,496.0,0.0,-1543.000064,23823.999488,143,0.0,-3475.000064,11788.99968,11953.999872,922.0,-737.99968,312,2192.0,32.0,-10616.0,16298.000128
63.0,28586.999808,16792.000512,2011-12-31 00:00:00,0.0,3176.999936,12152.999936,1140.999936,367,684.0,7081.999872,684.0,10275.00032,351.0,-3596.999936,3335.9232,321,17960.999936,-1360.999936,3072.0,36759.998464,0.0,-35.0,7.0,-28290.000896,41835.00032,10625.999872,3470.923008,1082.0,6165.999872,437.0,868,41834.999808,0.0,-51.0,0.1503047253157295,92,868,3494.000064,0.0,38657.998528,292.0,-295.0,0.0,240.0,-3596.999936,394.0,472.0,-1395.000064,747.0,351.0,65050.001408,-1332.999936,2201.999872,351.0,0.0533576337753758,158.0,0.0,394.0,0.0,-1360.999936,23874.000384,169,0.0,-2120.0,10625.999872,12423.999488,487.0,2.0,367,2108.0,13.0,-8546.999808,17960.999936
-11.0,31976.00064,20031.000576,2012-03-31 00:00:00,0.0,3924.0,12183.000064,1360.0,431,272.0,6664.0,272.0,12643.999744,438.0,-4399.000064,2713.923072,890,18894.000256,-1332.999936,2688.999936,39616.0,-115.0,165.0,7.0,-28888.000512,45589.000832,13082.000384,2817.923072,1156.999936,6948.999936,137.0,-636,45589.000192,-2.0,318.0,0.1190598076041889,91,-636,2991.000128,0.0,41665.0,348.0,-99.0,0.0,87.0,-4399.000064,94.0,-28.0,-4124.999936,261.0,438.0,68503.998464,-3530.000064,274.0,438.0,0.0418962787079591,3463.000064,0.0,94.0,0.1011528473312689,-1335.000064,26695.000576,211,0.0,-3649.999872,13082.000384,12317.999872,-3.0,-894.0,420,1684.0,5.0,-10350.999808,18894.000256
5.0,34116.999936,21479.000064,2012-06-30 00:00:00,0.0,4515.999744,12232.999936,1324.999936,592,178.0,6258.999808,178.0,13304.999936,1024.0,-3827.000064,1989.0,1369,19788.0,-1252.0,2579.000064,41874.00192,941.45,-921.449984,7.0,-29430.99904,47525.999872,14328.999936,2074.0,49.0,7150.0,50.55,-140,47525.998592,7.0,-1439.000064,0.0740432372659461,91,-140,2796.0,0.0,43010.00192,-747.000064,-67.45,0.0,586.0,-3827.000064,7.55,972.0,-3072.0,183.0,1024.0,71305.003008,-3062.000064,755.0,1024.0,0.0276436769216123,1108.999936,0.0,7.55,0.0690189978994897,-1244.999936,27737.999872,373,0.0,-1271.000064,14328.999936,11685.999872,1037.0,-1191.000256,584,1163.55,77.0,-11391.999744,19788.0
-68.0,33908.999616,21524.000768,2012-09-30 00:00:00,0.0,3611.000064,12252.99968,1352.0,810,266.0,6456.0,266.0,16076.000256,142.0,-4028.0,1400.0,1178,17690.999808,-1487.000064,3073.999872,40603.000832,-2051.0,2088.0,7.0,-33572.999168,45671.000576,16217.999808,1389.0,-351.0,5768.999872,76.0,-170,45670.998016,-4.0,3553.999872,0.0414532768622818,92,-170,2569.999936,0.0,42060.000832,2301.999872,-81.0,0.0,-882.0,-4028.0,33.0,-2012.0,-3079.000064,198.0,142.0,74176.004096,-3217.0,949.0,142.0,0.016331169709102,1408.999936,0.0,33.0,0.0865322091984784,-1491.000064,27980.000768,344,0.0,-3232.999936,15754.999808,11413.999872,-1971.000064,-451.0,804,700.55,-9.0,-12012.999936,17690.999808
-24.0,30659.000704,17449.00096,2012-12-31 00:00:00,0.0,2948.0,12300.000256,1408.0,768,421.0,6265.999872,421.0,12476.000256,287.0,-2488.0,-2167.307776,416,17896.000448,-1780.0,3414.000128,37167.0016,153.0,-104.0,7.0,-34301.999104,41611.00128,12763.000256,-2236.307712,-27.0,5149.000064,196.0,-270,41611.001856,0.0,-116.0,0.0222141251738306,92,-270,1936.0,0.0,38663.0016,107.0,-157.0,0.0,145.0,-2488.0,153.0,300.0,-1628.999936,397.0,287.0,71468.998656,3442.999808,859.0,287.0,0.011038275646913,-3897.999872,0.0,153.0,0.1233157540174526,-1780.0,23715.000832,264,0.0,3169.999872,12300.000256,11754.999808,344.0,487.999744,766,460.549984,6.0,-11905.000448,17896.000448
-42.0,31927.00032,18681.99936,2013-03-31 00:00:00,0.0,2884.0,12362.000384,1519.000064,739,473.0,5784.999936,473.0,13880.000512,33.0,-2188.999936,1338.0,469,18014.000384,-1855.000064,3569.999872,38146.998272,-113.0,168.0,7.0,-35043.00032,42480.99968,13912.999936,1209.0,-98.0,5233.0,226.0,-255,42481.000448,-1.0,301.0,0.0288466689806064,90,-255,2052.999936,0.0,39596.998272,395.0,-161.0,0.0,-254.0,-2188.999936,183.0,58.0,-1264.999936,431.0,33.0,73189.998592,-1797.999936,924.0,33.0,0.0124571362782722,567.0,0.0,183.0,0.1324930019493289,-1856.0,24466.999296,237,0.0,-1744.999936,13448.999936,12636.999936,102.0,-150.999936,737,548.55,16.0,-9044.999936,18014.000384
-78.0,31508.000128,18321.000448,2013-06-30 00:00:00,0.0,3592.0,12389.999616,1458.0,568,722.0,5619.999744,722.0,12627.00032,677.0,-2012.0,1882.0,498,18203.99968,-2134.0,4099.000064,37348.999168,315.0,-192.0,7.0,-35768.999936,42144.999872,13304.000448,1670.0,-266.0,5264.0,388.0,-89,42145.001472,2.0,-336.0,0.0463823257289956,91,-89,2100.000064,0.0,38552.999168,69.0,-211.0,0.0,644.0,-2012.0,265.0,580.0,-731.0,644.0,677.0,73117.999104,-48.999936,1280.999936,677.0,0.0197611267715904,-807.0,0.0,265.0,0.1761405193283744,-2132.0,23941.000192,375,0.0,170.0,13057.000448,14156.999936,625.0,679.999872,561,886.0,3.0,-6703.999936,18203.99968
-52.0,31084.0,18261.999616,2013-09-30 00:00:00,0.0,3993.999872,12449.999872,1584.0,558,644.0,5678.000128,644.0,11749.000192,987.0,-1719.000064,2260.0,567,18348.0,-3128.999936,5057.999872,37120.999424,-79.0,126.0,7.0,-36472.000512,42287.999744,12736.0,2064.0,-118.0,5526.000064,328.0,-31,42288.001024,1.0,314.0,0.0695302976947743,92,-31,1883.0,0.0,38293.999424,478.0,-226.0,0.0,310.0,-1719.000064,282.0,202.0,-338.0,592.0,987.0,73593.004032,-488.0,1380.999936,987.0,0.0258756923662236,-599.0,0.0,282.0,0.1273230558120504,-3128.0,23939.999744,371,0.0,-472.0,12736.0,16140.999936,240.0,469.999936,556,1138.0,-14.0,-3962.999872,18348.0
-109.0,31057.000448,18126.999552,2013-12-31 00:00:00,0.0,3656.0,12453.000192,1358.0,515,497.0,5514.999808,497.0,12080.0,837.0,-1688.0,2345.999872,597,18140.000256,-2800.999936,4552.0,37134.000128,0.0,320.649984,7.0,-37161.00096,41781.999616,12917.000192,2075.000064,-331.0,5210.000064,204.65,10,41782.001664,1.0,474.0,0.0709512540964559,92,10,1897.0,0.0,38126.000128,435.0,-141.35,0.0,-150.0,-1688.0,161.65,-116.0,-635.0,388.0,837.0,74295.001088,-884.0,1053.0,837.0,0.0276402076757817,-283.0,0.0,161.65,0.1091827768014059,-2800.0,23641.99936,345,0.0,-920.0,12917.000192,18851.999744,-74.0,275.0,511,1152.499968,-49.0,-2993.999872,18140.000256
-54.0,31445.99968,18169.99936,2014-03-31 00:00:00,0.0,4275.000064,12465.999872,1294.0,520,865.0,5958.000128,865.0,11964.99968,1004.0,-1520.999936,2728.0,678,18477.0,-3059.000064,5190.000128,37522.00192,29.0,31.0,7.0,-37844.000768,42604.999488,12968.99968,2435.0,-83.0,5517.0,456.0,-323,42604.998656,-2.0,186.0,0.0859397298298193,90,-323,2032.0,0.0,38330.00192,483.0,-314.0,0.0,167.0,-1520.999936,405.0,425.0,-230.0,811.0,1004.0,75365.998592,-1232.999936,1291.000064,1004.0,0.0323590253272416,-125.0,0.0,405.0,0.1666666625561979,-3060.999936,24127.999488,433,0.0,-999.0,12652.99968,18899.000064,466.0,74.000128,509,1376.65,5.0,-1959.0,18477.0
-68.230768,29873.999488,17009.999872,2014-06-30 00:00:00,0.0,4369.999872,12501.999616,1299.000064,482,588.0,5792.0,588.0,10087.000064,1462.0,-1451.000064,2594.0,598,18324.999808,-3256.0,5152.0,36010.999808,-48.25,93.25,7.0,-37688.999936,41126.99968,11548.99968,2310.769216,-62.0,5461.0,284.249984,83,41126.998016,-2.0,183.0,0.0832458952986193,91,83,2184.0,0.0,36756.999808,339.0,-196.519232,0.0,458.0,-1451.000064,238.25,191.0,-99.0,519.769216,1462.0,73699.999744,-778.000064,1352.0,1462.0,0.0305721008700753,-113.0,0.0,238.25,0.1141304347826086,-3257.999872,22801.999872,392,0.0,-781.0,11548.99968,19952.0,230.0,582.000192,475,1272.899984,-17.23077,-1327.0,18324.999808
-18.0,29222.999296,17284.999168,2014-09-30 00:00:00,0.0,3128.999936,12501.999616,1114.0,483,569.0,5601.999872,569.0,11502.000128,90.0,-1911.000064,2519.0,592,17630.999808,-3428.999936,5080.999936,36651.999232,843.45,-347.449984,7.0,-38349.000704,40517.998848,11591.999488,2269.769216,-1335.000064,5692.999936,314.550016,-108,40518.00064,2.0,-573.0,0.0474727199267214,92,-108,2497.999872,0.0,37388.999232,-118.0,-206.45,0.0,-1372.0,-1911.000064,-178.45,662.0,-749.0,551.0,90.0,75001.004032,-1185.000064,1162.0,90.0,0.0304192926766453,-1376.0,0.0,-178.45,0.1119858309716774,-3427.000064,22886.99904,363,0.0,-1158.0,11591.999488,19975.000064,692.0,-454.000064,469,1259.45,-3.0,-1738.0,17630.999808
3.0,29740.000448,16890.000384,2014-12-31 00:00:00,0.0,7468.000256,12538.000384,1126.0,596,190.0,5656.0,190.0,7426.999808,4108.0,-1735.000064,2212.999936,1124,18205.000576,-2812.999936,4773.000192,32422.00064,616.45,-555.449984,7.0,-39042.998272,40751.00096,11534.999872,1996.0,-42.0,5736.0,83.55,-164,40751.0016,0.0,-638.0,0.0372749673617696,92,-164,2299.999936,0.0,33283.00064,-363.0,-80.45,0.0,4017.999872,-1735.000064,30.55,639.0,-906.0,193.0,4108.0,71465.00096,3393.999872,829.0,4108.0,0.027698012159908,-203.0,0.0,30.55,0.0398072475082774,-2812.999936,22546.000384,245,0.0,3392.0,11153.999872,21731.00032,668.0,4120.999872,590,1143.000064,10.0,-1984.0,18205.000576
-45.0,25880.999104,14634.000384,2015-03-31 00:00:00,0.0,5398.000128,14334.999552,1003.0,415,228.923072,5366.000128,228.923072,8600.999936,2907.000064,-1492.0,1575.923072,848,14372.999552,-1756.0,3492.0,28291.999744,-3776.55,3828.549888,7.0,-44700.000256,34373.000064,11507.999552,1447.692288,-50.0,4010.999936,89.55,-459,34373.001216,-3.076923,5250.999808,0.0108706875355238,90,-459,1869.0,0.0,28974.999744,3901.999808,-75.37308,0.0,-1200.999936,-1492.0,46.55,-3739.000064,-1069.0,183.923072,2907.000064,72991.997952,-1469.0,423.0,2907.000064,0.0200550807057477,-152.0,0.0,46.55,0.0655564352806414,-1759.076864,20000.000512,236,0.0,-1472.0,10622.999552,18498.000128,-3720.0,-2981.000128,415,771.9,5.0,-2823.0,14372.999552
-72.0,21786.999232,13226.999808,2015-06-30 00:00:00,0.0,4231.000064,14318.999552,1009.0,590,221.0,5128.0,221.0,9493.000192,2051.000064,-1037.0,1208.923072,679,10242.99968,-2164.999936,3822.000128,23522.000896,-4210.05,4256.04992,7.0,-50302.001152,28597.999488,11543.999552,1076.923072,-28.0,2572.0,148.05,-292,28597.999616,-3.0,5559.000064,0.0003535932829845,91,-292,1480.0,0.0,24367.000896,4079.000064,17.05,0.0,-856.0,-1037.0,105.05,-4108.0,-723.0,149.0,2051.000064,73824.002048,-1037.0,314.0,2051.000064,0.0182344937279208,-130.0,0.0,105.05,0.0578231273151856,-2168.0,18354.999808,292,0.0,-1040.0,10654.999552,17168.000256,-4089.999872,-766.0,404,635.700016,-4.0,-3447.0,10242.99968
-160.0,16113.000384,12183.000064,2015-09-30 00:00:00,0.0,3579.000064,14284.000256,829.0,617,161.0,4557.000192,161.0,9808.0,1759.000064,-690.0,800.923072,545,4546.000512,-2004.0,3443.000064,16865.000448,-4578.45,4633.449984,7.0,-56196.001792,21286.000768,11566.999872,526.923072,-175.0,1509.0,-18.55,-98,21286.00064,0.0,5466.999808,0.0147342698908988,92,-98,1250.0,0.0,17707.000448,4548.999808,-6.55,0.0,-292.0,-690.0,-61.55,-4652.000256,-372.0,1.0,1759.000064,73060.999168,-443.0,318.0,1759.000064,0.0097922462537364,-217.0,0.0,-61.55,0.0467615442948769,-2004.0,16740.000256,203,0.0,-393.0,10673.999872,15530.000384,-4639.000064,-168.0,360,302.6,-41.0,-3070.0,4546.000512
-102.0,13132.0,11274.999808,2015-12-31 00:00:00,0.0,2480.0,12409.499648,861.0,538,-19.538462,3684.999936,-19.538462,9909.999616,825.0,-554.0,585.153856,526,2397.000128,-1440.0,2700.0,14202.999808,-2024.35,2086.349952,7.0,-59364.999168,17356.999872,10734.999872,276.153856,-16.0,921.0,-98.65,-157,17357.000704,-1.5384615,2767.000064,0.0,92,-157,1045.0,0.0,14876.999808,2165.000064,22.888462,0.0,-934.0,-554.0,-141.65,-2184.999936,-375.0,-121.538464,825.0,73568.002048,-544.0,179.0,825.0,-0.0032904245959052,-567.0,0.0,-141.65,-0.0072364674074074,-1441.538432,14959.999744,160,0.0,-546.0,10353.999872,13457.000448,-2184.999936,976.500096,292,-95.6,3.0,-2536.999936,2397.000128
-143.0,11976.000448,10952.999936,2016-03-31 00:00:00,0.0,1492.0,12528.0,879.0,705,11.615385,2832.999936,11.615385,10389.000192,16.0,-342.0,375.615385,539,1571.00032,-990.0,1995.000064,13159.999488,-956.0,999.0,7.0,-60506.001408,15357.000192,10405.000128,-145.384616,-10.0,891.0,-69.0,-684,15356.99968,4.6153845,1027.0,0.0,91,-684,860.0,0.0,13864.999488,1039.0,62.384616,0.0,-809.0,-342.0,-112.0,-1068.0,-763.0,-131.384616,16.0,73666.002944,-271.0,-421.0,16.0,-0.0026744419385421,-115.0,0.0,-112.0,0.0058222479335218,-985.38464,13785.999872,189,0.0,-273.0,10062.000128,11960.000256,-1068.0,-866.500096,442,-66.5,-81.0,-2233.0,1571.00032
-61.0,9878.000448,9480.999936,2016-06-30 00:00:00,0.0,1204.0,12911.500288,819.0,690,-115.0,3776.999936,-115.0,9644.99968,4.0,-718.0,39.615385,248,229.000768,-1268.0,2166.000128,11592.999936,-1561.95,1598.950016,8.0,-61757.001728,13487.00064,9648.99968,-470.384616,-14.0,860.0,-177.05,-81,13486.999552,-25.0,1640.999936,0.0,91,-81,802.0,0.0,12282.999936,1653.999936,-1.05,0.0,-12.0,-718.0,-219.05,-1776.0,-623.0,-176.0,4.0,73349.996544,245.0,95.0,4.0,-0.0186099564092546,-281.0,0.0,-219.05,-0.0530932563268989,-1292.999936,13257.999872,218,0.0,174.0,8620.99968,10304.000256,-1776.0,57.500096,440,-391.6,3.0,-2133.0,229.000768
-67.0,8746.000832,9848.999936,2016-09-30 00:00:00,0.0,1067.0,12931.00032,810.0,481,-141.0,3606.000128,-141.0,9674.000384,4.0,-503.0,-262.384615,170,-931.999296,-1324.0,2112.999936,10974.999552,-1241.0,1286.0,8.0,-62295.998464,12523.000768,9678.000128,-679.384616,-29.0,827.0,71.0,151,12522.999808,0.0,1144.999936,0.0,92,151,852.0,0.0,11455.999552,1159.999936,280.0,0.0,0.0,-503.0,29.0,-1215.000064,-127.0,-208.0,4.0,73271.001088,-479.0,376.0,4.0,-0.0178680230706357,104.0,0.0,29.0,-0.0667297701233815,-1324.0,13455.000064,170,0.0,-480.0,9022.000128,8974.000128,-1214.0,-38.50016,481,-302.05,7.0,-1888.0,-931.999296
-97.0,9238.001024,10583.000064,2016-12-31 00:00:00,0.0,2142.0,14494.900224,630.0,306,148.0,3648.0,148.0,9559.000064,882.0,-557.0,-74.0,203,-1202.998848,-1436.0,2416.0,10579.999744,-71.82617599999998,474.826176,9.0,-62726.00064,13028.001216,10440.999872,-62.0,22.0,645.0,131.826168,-134,13027.999744,0.0,149.0,0.0,92,-134,817.0,0.0,10885.999744,-10.0,81.826168,0.0,878.0,-557.0,-266.173824,-343.0,-811.0,51.0,882.0,73305.997312,-78.0,-254.0,882.0,-0.0030717622058203,1212.999936,0.0,-266.173824,0.0612582781456953,-1436.0,14231.000064,203,0.0,-81.0,9937.999872,8689.999872,-342.0,-405.899968,306,-46.667748,7.0,-2324.0,-1202.998848
-92.0,8320.999872,10113.999872,2017-03-31 00:00:00,0.0,1360.0,14448.0,604.0,271,-85.0,2788.0,-85.0,9274.999808,249.0,-531.0,-193.0,168,-1203.00032,-1392.999936,2427.000064,10067.999744,398.0,-319.0,9.0,-62933.999616,11698.999552,9524.000192,-510.0,-16.0,605.0,-179.0,113,11699.00032,-389.0,-383.0,0.0,90,113,818.0,0.0,10338.999744,-372.0,-1.0,0.0,-633.0,-531.0,-244.0,140.0,-432.0,-177.0,249.0,73002.000384,380.0,99.0,249.0,-0.0113264216439976,-1112.0,0.0,-244.0,-0.0350226607987431,-1782.0,12901.999872,167,0.0,380.0,9509.000192,9122.000128,141.0,-626.099968,264,-153.223832,3.0,-1993.0,-1203.00032
-94.0,9169.001024,10446.000128,2017-06-30 00:00:00,0.0,1247.000064,14467.00032,595.0,276,215.0,2158.000128,215.0,9840.0,13.0,-669.0,137.0,215,-683.99936,-1096.999936,2079.000064,10396.99968,406.0,-375.0,9.0,-63138.000896,11920.000896,9853.000384,-213.0,-6.0,596.0,119.0,-460,11920.0,-26.0,-430.0,0.0,91,-460,855.0,0.0,10672.99968,-414.0,-1.0,0.0,-236.0,-669.0,95.0,494.0,-826.0,121.0,13.0,73534.99648,-603.0,-157.0,13.0,0.0112430566787455,524.0,0.0,95.0,0.1034151002315698,-1123.000064,12604.000256,144,0.0,-603.0,9850.000384,9035.000064,495.0,-223.0,262,142.826168,-1.0,-2196.0,-683.99936
-110.0,9195.000128,10467.00032,2017-09-30 00:00:00,0.0,1178.0,14458.000384,557.0,241,211.0,2217.999872,211.0,9893.999616,5.0,-635.0,489.0,181,-703.99968,-1032.0,2044.0,10561.999872,-87.0,118.0,9.0,-63374.999552,11981.000512,9898.999808,96.0,-2.0,568.0,100.0,-19,11980.99968,-12.0,109.0,0.0,92,-19,813.0,0.0,10802.999872,120.0,0.0,0.0,-8.0,-635.0,77.0,-18.0,-304.0,101.0,5.0,73937.002496,-379.0,331.0,5.0,0.0140243365646612,40.0,0.0,77.0,0.1032289628180039,-1044.0,12685.000192,153,0.0,-379.0,9898.999808,8966.000128,-17.0,-6.0,241,171.826168,4.0,-2373.0,-703.99968
-299.0,9601.000448,10440.999936,2017-12-31 00:00:00,0.0,1524.999936,14446.000128,516.0,236,-527.769216,2356.0,-527.769216,9968.0,5.0,-387.0,-192.0,198,-372.0,-1408.999936,2592.0,10663.999488,-365.449984,391.449984,9.0,-63664.001024,12424.999936,9973.000448,-787.0,-1.0,520.0,-729.550016,-172,12424.999936,-352.769216,476.0,0.0,92,-172,834.0,0.0,10899.999488,487.0,97.219232,0.0,0.0,-387.0,-745.550016,-1120.999936,-185.0,-826.769216,5.0,74327.998464,-316.0,202.0,5.0,-0.054339372545028,114.0,0.0,-745.550016,-0.2036146666666666,-1761.769216,12796.999936,171,0.0,-316.0,9921.000448,9141.999616,-1120.999936,1.0,236,-691.550016,0.0,-1747.000064,-372.0
-163.0,9280.000448,9829.000192,2018-03-31 00:00:00,0.0,1224.0,14428.000256,498.0,286,196.265824,2353.999872,196.265824,9372.99968,4.0,-440.0,1023.265824,138,-96.999232,-1355.000064,2608.0,10576.0,20.1,12.9,9.0,-63902.998528,12086.000832,9376.99968,535.265822,-6.0,504.0,29.9,88,12085.999616,-79.734176,15.0,0.0,90,88,796.0,0.0,10862.0,24.0,-2.36582275,0.0,-1.0,-440.0,6.9,17.0,148.0,33.265822,4.0,74479.0016,-53.0,588.0,4.0,0.0443893211200721,-610.0,0.0,6.9,0.0752553006134969,-1434.734208,12183.000064,135,0.0,21.0,9324.99968,9323.000064,18.0,-69.0,286,527.9,-1.0,-1167.0,-96.999232
-98.0,9553.00064,9585.000448,2018-06-30 00:00:00,0.0,1240.0,14417.000448,326.0,262,48.0,2872.999936,48.0,9667.00032,3.0,-595.0,856.265824,177,-116.998976,-1396.999936,2423.000064,10839.000064,-201.0,208.0,9.0,-64184.999936,12341.001408,9669.999616,364.265822,-123.0,347.0,-41.0,-26,12341.000192,-19.0,167.0,0.0,91,-26,867.0,0.0,11101.000064,167.0,9.0,0.0,-1.0,-595.0,-41.0,-249.0,-232.0,-50.0,3.0,75023.998976,-524.0,363.0,3.0,0.030328510538598,160.0,0.0,-41.0,0.0198101521800042,-1416.0,12458.000384,177,0.0,-524.0,9237.999616,9667.000064,-249.0,122.0,262,367.9,57.0,-573.0,-116.998976
-159.0,9772.999872,9722.000384,2018-09-30 00:00:00,0.0,1235.000064,14403.00032,314.0,294,168.265824,2976.0,168.265824,9808.0,4.0,-501.0,813.531648,180,-38.999872,-1319.000064,2427.000064,11130.000384,-121.32,152.32,9.0,-64499.99872,12659.000512,9811.999744,272.531645,100.0,342.0,6.32,7,12659.00032,-20.734178,172.0,0.0,92,7,919.0,0.0,11424.000384,178.0,-2.94582275,0.0,1.0,-501.0,-16.68,-146.0,-57.0,9.265823,4.0,75630.002176,-489.0,444.0,4.0,0.0222581168831168,46.0,0.0,-16.68,0.0693307867996826,-1339.734144,12698.000384,180,0.0,-489.0,9379.999744,10050.000128,-146.0,-99.000128,294,274.22,6.0,-326.0,-38.999872
-153.0,9855.000448,7714.999808,2018-12-31 00:00:00,0.0,1598.0,14387.00032,374.0,334,139.0,2887.000064,139.0,7718.000128,4.0,-461.0,488.0,347,2133.000256,-1422.0,2480.0,10803.00032,654.0,-617.0,9.0,-17885.999104,12735.000128,7722.000192,-85.0,-126.0,374.0,-13.0,22,12734.999552,-89.0,-700.0,0.0,92,22,1214.0,0.0,11137.00032,-693.0,2.0,0.0,0.0,-461.0,-41.0,604.0,-126.0,-14.0,4.0,28689.000448,1447.0,335.0,4.0,-0.0061208268336193,-1782.0,0.0,-41.0,0.0560483870967741,-1511.000064,10601.999872,138,0.0,1447.000064,7341.000192,9937.999872,605.0,126.000064,258,-77.0,-2.0,-267.0,2133.000256
123.0,13719.000576,9569.000448,2019-03-31 00:00:00,0.0,1364.999936,16408.000512,372.0,317,-149.0,2929.999872,-149.0,9573.000192,8.0,-530.0,206.265824,161,4138.000448,-1332.999936,2161.999872,14954.999808,106.46,-73.46,16.0,-18396.000256,16637.000768,9581.000128,-80.734177,-8.0,387.0,-94.46,-93,16636.99968,-34.0,359.0,0.0,90,-93,1003.0,0.0,15303.999808,51.0,-68.46,0.0,4.0,-530.0,-117.46,-21.0,-74.0,-26.0,8.0,33351.000064,-503.0,456.0,8.0,-0.0098972950933988,404.0,0.0,-117.46,-0.0689176729053941,-1367.000064,12499.00032,136,0.0,-856.0,9182.000128,9492.0,-21.0,365.0,269,-142.14,284.0,-489.0,4138.000448
-157.0,13980.001024,10090.000384,2019-06-30 00:00:00,0.0,1384.0,16396.000256,322.0,311,27.0,2220.0,27.0,9745.999872,4.0,-575.0,185.265824,359,4230.000576,-1029.0,2100.999936,14844.99968,211.12,-180.12,16.0,-18859.999232,16540.00096,9750.000448,-160.734177,-10.0,361.0,-82.12,-44,16540.000256,-3.0,-248.0,0.0,91,-44,768.0,0.0,15155.99968,-237.0,47.88,0.0,-4.0,-575.0,-105.12,98.0,-178.0,-130.0,4.0,33705.00096,-516.0,397.0,4.0,-0.0126906961086724,115.0,0.0,-105.12,0.0128510237136913,-1032.0,12310.000384,135,0.0,-516.0,9729.000448,9169.999872,98.0,6.0,248,-183.26,18.0,-435.0,4230.000576
-232.0,14120.999488,9496.000512,2019-09-30 00:00:00,0.0,1403.000064,16993.999872,336.0,310,42.0,2348.0,42.0,9372.000256,14.0,-593.0,59.0,412,4735.0,-967.0,2059.000064,14865.999872,149.12,-101.12,19.0,-19431.999488,16579.000512,9385.999488,-360.0,-3.0,336.0,-162.12,-77,16579.00032,-32.0,-113.0,0.0,92,-77,650.0,0.0,15175.999872,-106.0,27.88,0.0,10.0,-593.0,-202.12,-61.0,-264.0,-190.0,14.0,34297.99936,-563.0,329.0,14.0,-0.024057732560471,244.0,0.0,-202.12,0.0203982509443962,-999.0,11844.000512,140,0.0,-563.0,9159.999488,8801.999872,-61.0,-27.0,259,-351.7,-55.0,-642.0,4735.0
-129.0,13902.000128,9400.000512,2019-12-31 00:00:00,0.0,1251.000064,16972.99968,300.0,186,41.0,2392.0,41.0,9495.000064,6.0,-565.0,108.0,255,4400.999744,-989.0,2095.000064,14755.999744,-215.93976,246.93976,0.0,-20002.000896,16193.000256,9501.000384,-497.0,-15.0,302.0,-77.06024,-117,16193.000448,-98.0,261.0,-0.3752294584747529,92,-117,879.0,0.0,14941.999744,290.0,10.939759,0.0,-8.0,-565.0,-99.06024,-324.0,-124.0,-88.0,6.0,34758.00064,-545.0,441.0,6.0,-0.0334441946902654,96.0,0.0,-99.06024,0.0195704051300687,-1087.000064,11792.000512,121,0.0,-545.0,9098.000384,8634.000384,-324.0,7.0,186,-483.736832,9.0,-640.0,4400.999744
-891.0,5659.000384,9472.0,2020-03-31 00:00:00,0.0,1818.0,16920.000512,287.0,167,300.0,2260.0,300.0,9500.99968,82.0,-518.0,410.0,974,-3923.999424,-811.0,2524.999936,5823.000064,-7763.452064,7794.451968,0.0978377265625,-29109.999616,7808.000576,9582.999808,-999.0,-98.0,309.0,-502.547936,161,7808.0,-350.0,7935.000064,0.0,91,161,876.0,0.0,5990.000064,7930.000064,72.45208,0.0,76.0,-518.0,-524.547936,-8296.999936,-121.0,-591.0,82.0,34932.998144,-511.0,397.0,82.0,-0.0674042288226366,190.0,0.0,-524.547936,0.1188118841995883,-1160.999936,11732.0,90,0.0,-511.0,9162.999808,8780.0,-8312.999936,174.000128,167,-823.848176,-746.0,-687.0,-3923.999424
734.0,-2258.998976,8352.0,2020-06-30 00:00:00,0.0,690.0,16924.000256,8352.0,171,-382.0,2388.999936,-382.0,1847.000064,82.0,-349.0,-54.734177,95,-4187.998912,-354.0,507.0,5692.000256,-488.12,496.12,0.0,-29255.000064,6553.001024,1928.999936,932.265824,-58.0,8352.0,220.12,-120,6552.999936,-5.0,610.0,0.0,91,-120,208.0,0.0,5863.000256,614.0,-131.88,0.0,0.0,-349.0,220.12,-276.0,27.0,352.0,82.0,34946.998272,-345.0,376.0,82.0,-0.0941731474437602,-31.0,0.0,220.12,-0.7534516765285996,-359.0,10740.999936,95,0.0,-345.0,0.0,7127.999936,-276.0,58.0,171,-1087.370256,871.0,-482.0,-4187.998912
137.0,-2989.999808,8716.99968,2020-09-30 00:00:00,0.0,1072.0,16931.00032,8656.0,195,-84.0,3104.999936,-84.0,1623.000064,306.0,-106.0,-124.0,90,-4918.999744,-502.0,959.0,5635.999744,-623.42,630.419968,0.0,-29398.99904,6902.999872,1928.999936,1174.0,-56.0,8717.0,-114.58,652,6903.000064,-9.0,298.0,0.0,92,652,676.0,0.0,5830.999744,305.0,-167.58,0.0,224.0,-106.0,-114.58,-745.0,276.0,53.0,306.0,35035.000832,-102.0,382.0,306.0,-0.0863597853180241,-56.0,0.0,-114.58,-0.0875912408759124,-511.0,11821.999616,90,0.0,-102.0,0.0,6086.0,-745.0,280.0,195,-1013.950256,162.0,58.0,-4918.999744
-308.0,-3373.999232,8830.999552,2020-12-31 00:00:00,-1.5405405405405406,1108.0,16936.999936,8785.000448,234,168.0,3094.000128,168.0,1688.0,279.0,-169.0,-127.0,83,-5340.999168,-489.0,1219.000064,5241.999872,-197.78,222.78,0.0,-23805.999104,6584.000512,1966.999936,-442.0,-3.0,8829.000448,-193.22,915,6584.0,-176.0,-661.0,0.0,92,915,490.0,0.0,5475.999872,-656.0,-53.22,296.0,-27.0,-169.0,-193.22,-416.0,-160.0,-140.0,279.0,29048.000512,-34.0,9.0,279.0,-0.207724444963755,-2.0,24.45,-193.22,0.1378178762753535,-665.0,11924.99968,64,0.0,-34.0,2.0,5209.999872,-416.0,-24.0,234,-2365.669888,-284.0,22.0,-5340.999168
257.0,5142.999872,1580.0,2021-03-31 00:00:00,-0.0959409594095941,1190.0,3585.999872,242.0,110,64.0,1443.000064,64.0,922.0,340.0,-143.0,-234.0,146,3880.999872,-553.0,1140.0,5603.999744,0.0,-5356.668416,1.0,-120.0,6903.999936,1262.0,586.0,-12.0,318.0,321.331456,921,6904.0,-14.0,-6351.000064,0.0,90,921,456.0,43.39,5713.999744,-6405.000064,0.3314575,271.0,129.0,-143.0,321.331456,5678.000128,245.0,321.0,340.0,5724.000256,-139.0,388.0,340.0,0.0317633844480696,-120.0,1.85,321.331456,0.0561403508771929,-567.0,3023.000064,142,43.39,-139.0,1262.0,3825.000064,5678.000128,-2090.0,108,233.651456,280.0,388.0,3880.999872
608.0,4698.0,1720.0,2021-06-30 00:00:00,0.5433070866141733,1354.0,3591.000064,248.0,95,-382.0,1866.0,-382.0,673.0,612.0,-149.0,-234.0,68,3413.000064,-559.0,693.0,5550.000128,0.0,525.350016,1.0,-346.0,6999.000064,1284.999936,460.0,-1.0,459.0,86.35,-19,6999.000064,39.0,620.0,0.0,91,-19,391.0,51.92,5645.000128,623.0,-139.65,158.75,214.0,-149.0,86.35,-439.0,245.0,226.0,612.0,5896.0,-147.0,394.0,612.0,0.0147404746162927,-33.0,1.201,86.35,-0.5512265512265512,-520.0,3586.0,68,51.92,-147.0,1260.999936,4011.000064,-439.0,247.0,95,99.881456,626.0,606.0,3413.000064
