Non-Operating Income (Loss),StockBased Compensation,Line of Credit Available,Equity Charge,WACC Discount Factor,Other Accrued Liabilities,Operating Leases,Line of Credit,Total Current Liabilities,BALANCE SHEET,Total Liabilities & Equity,Operating Income,NonCash Items,Days in Period,Net Share Repurchases,"Cash, Cash Equivalents & STI",Misc LT Assets,Rental Expense - Years 2 - 5,"Selling, General & Admin",Revenue,ST Debt,-Net Share Repurchases,LTM Basic EPS,Rental Expense - Year 1,ST Capital Leases,Rental Expense Beyond Year 5,Dep & Amort,Work In Process,Total Liabilities / Tangible Assets,Current Liabilities,Other Adjustments,Free Cash Flow (LTM),Deferred Compensation,Other Operating Expenses,Free Cash Flow to Firm,ST Deferred Tax Assets,Cash (Repurchase) of Equity,Free Cash Flow to Equity,Deferred Tax Liabilities,Repayments of LT Debt,Other PostRet Benefits,Effect of Foreign Exchanges,Income (Loss) from Cont Ops,year + weight + convention,Free Cash Flow to Firm Model,Dividends,Net Extraordinary Losses (Gains),Net Cash From Disc Ops (fin),Period Weight,Pretax Income,LT Marketable Securities,ST Borrowings,Dividend Yield (LTM),Free Cash Flow per Share,LT Receivables,Prepaid Expenses,Cash % of Revenue,Diluted - Basic Shares,Diluted EPS,Operating Margin,Operating Expenses,Line of Credit Used,Interest & Dividends Payable,PP&E Gross,EBITDAR,A = L + SE,Inventories,Discontinued Operations NI,PV of Free Cash Flow to Firm,Pensions,Raw Materials,Other Non-Op Income (Loss),Bull,Discounted Residual Income (Bear)
-43.266,6750.75292,7466.352128,2011-03-31 00:00:00,-5.489203980099502,1233.639936,2196.701952,720.390016,790.8029919999999,294.02,1636.039936,294.02,3481.417984,127.695,-254.778,874.882992,336.907008,3121.348952,-40.196,1442.161024,10199.298048,-1.1560560000000066,-0.20995,2.273,-4872.717824,12223.741016,3629.403968,699.338008,-4.517,4282.44908,191.939056,83.448,12223.740928,-0.323,23.097,0.1497514894382859,90,34.391,1190.539008,44.73176403,10990.101056,59.642,-58.814952,-40.2,94.901,-254.778,191.939056,192.148992,180.466,250.754,127.695,15072.016384,-254.478,435.244,127.695,0.0464905209193296,-87.335,0.782,191.939056,0.0,-40.519,9102.392064,21.999,44.73176403,-253.008,3183.902976,5362.60608,192.148992,113.568,212.546,513.680856,22.835,248.988,3121.348952
-39.676,6752.32876,7442.818048,2011-06-30 00:00:00,-0.089689135118498,1150.850048,2209.701888,710.462976,805.7199919999999,270.028992,1544.251008,270.028992,3491.47008,26.519,-330.663008,948.575984,431.042,3214.048856,-43.423,1563.006976,10244.547584,-59.32324800000001,84.473256,2.273,-4826.375168,12201.117912,3538.279904,775.127992,-10.91,4260.57088,161.857248,-36.378,12201.117696,0.0,147.375008,0.1826366559748864,91,-18.942,1185.770976,40.43624688,11050.267584,143.997008,-68.495744,32.49,-101.176,-330.663008,161.857248,77.384,29.576,230.352992,26.519,15070.922752,-323.483008,360.239008,26.519,0.0477956694380737,-140.332,0.78,161.857248,0.0,-43.423,8987.069056,41.944,40.43624688,-321.083008,3182.246912,5661.531008,77.384,-72.186,217.828,570.900352,24.681,259.113,3214.048856
-36.953,6625.780944,7433.393152,2011-09-30 00:00:00,0.2978465096112155,1901.917952,2222.055936,717.963008,1190.029992,252.62,1302.912,252.62,2726.514944,472.523008,-412.022016,1031.378992,684.628024,3426.742912,-46.692,1499.798016,9071.099904,39.74874399999999,9.90925,2.273,-4766.162944,12163.048064,3199.038032,857.538,-0.112,4254.66088,177.238256,18.908,12163.048448,0.0,10.905,0.1975744969448272,92,114.901,1282.606016,28.30036833,10261.129856,14.941,-38.428752,34.595,446.004,-412.022016,177.238256,167.328992,44.899,215.667008,472.523008,13837.262848,275.788992,456.920992,472.523008,0.0540410130280352,-353.696,0.677,177.238256,0.0,-46.692,8736.305152,238.371008,28.30036833,342.779008,3178.732032,5841.906048,167.328992,399.744984,512.591008,645.37956,21.751,175.207,3426.742912
25.171,6808.999224,7526.41792,2011-12-31 00:00:00,-13.98295857988166,1897.97696,2237.048064,868.691968,1000.814992,212.499008,1388.397056,212.499008,2822.377984,375.736,-384.908,1013.134976,486.144,3610.88512,-45.156,1458.656,9326.415872,4.136991999999992,0.0,2.273,-4760.903168,12525.700096,3198.114104,903.923008,-0.147,4348.99492,195.635008,22.599,12525.700096,0.0,-49.575,0.2141218200176526,92,18.729,1364.514984,30.6107727,10627.722848,-90.947,-42.035,8.45,-96.787,-384.908,195.635008,195.635008,-109.706,237.67,375.736,14087.318528,-332.228,275.201984,375.736,0.057067343804291,-24.777,0.639,195.635008,0.0,-45.156,8914.814976,53.686,30.6107727,-347.212,3177.423104,4237.913088,195.635008,-59.333016,283.116992,701.82304,75.434,349.231008,3610.88512
-69.381,6971.70908,7421.528064,2012-03-31 00:00:00,-0.2286181078290853,1866.734976,2252.79104,875.524992,987.056992,176.696992,1399.970944,176.696992,2888.125952,287.312992,-306.446016,911.844992,831.166992,3774.112,-38.999,1426.770048,9441.436672,95.027648,-7.31965,2.275,-4915.808768,12595.611008,3197.59708,791.006,-0.02,4244.810112,89.876352,68.464,12595.610624,0.0,-21.544,0.1810461512884273,91,-15.5,1379.091976,28.4421621,10728.875712,-7.557,-17.43965,-99.769,-88.423,-306.446016,89.876352,97.196,-76.96,107.316,287.312992,14357.245952,-277.835016,229.486,287.312992,0.0503322468108291,-29.824,0.58,89.876352,0.1238440575954675,-38.999,8821.499008,441.444992,28.4421621,-288.084992,3176.71808,5948.23104,97.196,-50.679016,319.083008,624.606864,-19.793,-112.191,3774.112
-12.967,7066.43996,7454.666752,2012-06-30 00:00:00,0.6205050150330726,1680.622976,2264.434944,946.729024,946.088984,94.789,1272.916992,94.789,2975.556096,200.207008,-407.952992,736.605,443.870984,3870.311912,-33.732,1248.948992,9670.877184,44.793448,-84.391448,2.276,-5065.46176,12597.895656,3196.128048,642.475008,-0.128,4279.400944,68.347552,-114.448,12597.896192,32.079,-133.231,0.1498334107652605,91,-78.442,1252.048968,25.22260944,10917.273216,-89.658,-13.50345,-166.3,-87.106,-407.952992,68.347552,152.739008,-269.489984,81.822,200.207008,14736.338944,-184.334992,138.463008,200.207008,0.0428321198898148,-29.645,0.323,68.347552,0.0758950130126691,-1.653,8727.583744,99.597,25.22260944,-195.924,3175.266048,5634.173056,152.71,-48.203984,203.204,531.097168,35.479,-411.256984,3870.311912
-19.378,6998.01796,7425.94816,2012-09-30 00:00:00,2.8317634782608696,1710.524032,2277.597952,946.848,916.586984,29.88,1333.702016,29.88,2970.116096,230.958,-437.622016,513.865,441.553008,3796.943936,-36.681,1125.392,9928.02304,-73.56445,27.21745,2.278,-5215.72096,12556.594112,3201.074024,437.31,-0.079,4246.939008,15.84945,33.492,12556.594176,41.873,-47.756,0.1023630799596465,92,91.823,1308.714016,25.06413405,10846.070048,-72.118,5.24245,-71.875,30.751,-437.622016,15.84945,-11.368,-275.408,10.502,230.958,15143.743488,-105.909024,162.214,230.958,0.0299121122116105,-28.692,-0.059,15.84945,0.0265507485391756,5.192,8759.650176,0.916,25.06413405,-102.771,3179.009024,5259.76704,-11.473,54.401976,193.626,369.708362,26.398,-731.563984,3796.943936
-47.186,7164.314992,7656.75008,2012-12-31 00:00:00,-1.8428721258572005,1539.094016,2299.192064,710.174016,3369.0499199999995,5.5,1387.099008,5.5,3188.708096,21.862,-93.476,316.216992,599.709008,3953.745,-23.015,821.664,8508.058112,215.2517,-120.742704,2.284,-3613.49888,12997.594088,3210.569992,211.936992,0.017,4483.736816,-12.8997,-25.863,12997.594112,-76.696,-112.232,0.0507010393062222,92,-59.206,1077.511992,26.7740001,11458.500008,-93.404,28.5233,-123.95,-209.096,-93.476,-12.8997,149.903008,104.474,-41.686,21.862,12121.556992,-31.797,197.95,21.862,0.0150269392686695,6.584,0.228,-12.8997,0.0066937336916306,-99.711,9043.849088,137.214,26.7740001,-413.630016,3173.012992,3282.35008,107.58,226.288,180.702,191.768496,0.125,-517.384,3953.745
-24.632,7188.244736,7274.308096,2013-03-31 00:00:00,-0.3937843866171003,1439.171968,2322.511872,938.892992,894.8230080000001,24.336,1346.652032,24.336,3190.95296,25.058,-349.816992,154.505,466.324008,3972.233856,-40.284,812.249984,10233.203712,3.544,2.808,2.289,-5516.319232,12593.193984,3216.01088,50.342,0.131,4101.769088,-0.659,31.228,12593.193984,-172.564,16.57,0.018237122708028,90,62.623,1292.30304,28.06682565,11154.021688,42.944,-0.62,-134.5,3.181,-349.816992,-0.659,-1.564,-81.536,-0.296,25.058,15749.523456,-275.193992,268.280992,25.058,0.0056087061771534,-33.558,0.207,-0.659,0.0299612194267522,-212.848,8620.960128,136.979008,28.06682565,-231.542,3172.53888,4008.254976,-3.724,-42.091,184.776992,70.638302,21.821,-723.247984,3972.233856
-50.66,7423.950824,7240.667136,2013-06-30 00:00:00,-0.3799333546666666,1472.84096,2338.707968,802.382016,854.8299999999999,36.555,1487.201024,36.555,3326.95296,71.938,-357.635008,96.271,474.565008,4025.059944,-45.035,769.608,10423.744512,91.7008,-33.9508,2.291,-5770.50624,12752.928104,3398.89088,-45.585,10.469,4068.917072,-25.1018,-10.115,12752.927744,-116.361,-31.403,-0.005778136956064,91,-9.848,1259.200032,22.6035951,11280.086528,-15.937,-11.2838,-375.0,46.876,-357.635008,-25.1018,-12.526,-232.524992,-14.105,71.938,16194.250752,-324.632008,125.11,71.938,-0.0017996298706178,155.35,0.163,-25.1018,0.0474982068793463,-161.396,8727.86816,109.927,22.6035951,-233.584,3171.749888,3528.913984,8.562,-29.035008,171.118,-22.81105,11.249,-686.282992,4025.059944
-50.738,7233.653,7206.299136,2013-09-30 00:00:00,-2.150045781301748,1183.436032,2350.265088,984.952,922.623992,39.221,1573.597056,39.221,3255.390976,21.086,-313.675008,105.612,461.801008,3957.17612,-42.493,762.659968,10630.856704,27.325896,-5.3339,2.292,-5940.24704,12737.072312,3276.47688,-67.604,0.0,4034.36808,-77.104896,142.812,12737.072128,-108.727,5.211,-0.0298560909000367,92,114.808,1468.305032,28.06682565,11553.635704,-15.743,-65.9859,102.662,-50.854,-313.675008,-77.104896,-63.651,-118.066,-11.517,21.086,16571.104256,43.336992,195.608992,21.086,-0.0091537062763963,-152.152,0.03,-77.104896,0.0514265880545076,-151.22,8779.896192,141.823008,28.06682565,-94.311,3171.93088,3166.181952,-72.169,114.696984,172.67,-115.765396,4.872,-528.940992,3957.17612
-21.25,8181.302808,5267.406848,2013-12-31 00:00:00,-2.605016215543913,1445.592064,2366.885888,774.473024,505.688,20.839,1119.970944,20.839,2847.593984,327.42,-482.721984,114.656,601.823008,5006.288896,-49.128,776.204032,9442.262016,926.508896,-10.5859,2.294,-4136.24704,11393.666688,3175.013912,41.653,0.0,2103.848008,136.453104,-206.608,11393.667072,-120.584,-2.583,0.0173604896881502,92,-161.346,1067.949984,31.72844124,9948.075016,4.707,136.420096,257.284,306.356,-482.721984,136.453104,738.182976,-412.944992,-0.411,327.42,13578.509312,-463.354984,69.777,327.42,0.0063773410823888,-120.877,0.061,136.453104,0.0268473225349079,-169.712,6387.377792,184.368,31.72844124,357.456,3163.558912,3120.72192,146.595008,-484.649984,189.956992,77.775696,46.423,-837.28,5006.288896
4.123,8265.685904,5321.841152,2014-03-31 00:00:00,2.482030303030303,1458.835968,2387.845888,665.448,520.552984,122.387,1170.347008,122.387,2859.312128,314.087008,-451.008992,219.002,607.049,5092.286976,-53.478,910.430016,9604.990976,-28.835152000000008,-2.38485,2.301,-4245.62688,11584.475136,3173.398928,100.477,0.0,2160.500008,119.305152,84.986,11584.475136,-115.898,-5.985,0.0338785498552477,90,81.079,1105.209984,33.32153595,10125.638968,18.056,-7.20485,-33.0,-13.333,-451.008992,119.305152,116.003,-114.907,126.51,314.087008,13850.617856,-325.480992,336.102016,314.087008,0.0127019324516258,-13.954,0.193,119.305152,0.1344276856531057,-169.376,6492.18816,202.696,33.32153595,-335.480992,3161.340928,3218.902016,121.69,5.951024,189.632992,153.55156,46.98,-878.442984,5092.286976
5.766,8331.165976,5423.323136,2014-06-30 00:00:00,-0.7084336792079208,1225.854976,2408.033024,664.950016,564.034008,43.373,1083.666048,43.373,3124.114944,147.392992,-368.286016,225.82,653.698008,5059.657984,-51.714,865.976,9776.75776,-56.424,47.359,2.305,-4384.208896,11566.647168,3271.507992,163.721,0.0,2163.941976,22.424,-7.6,11566.647296,-136.75,81.83,0.044264286793881,91,6.667,1030.026976,38.42611167,10340.791744,97.074,-26.715,-505.0,-166.694,-368.286016,22.424,-24.935,-147.240992,49.139,147.392992,14160.966656,-360.739016,221.044992,147.392992,0.0165362560545794,2.0,0.248,22.424,0.0500856836679076,-188.464,6506.989184,362.891008,38.42611167,-389.739008,3259.380992,3315.270016,-24.935,-133.892104,198.078,201.07736,55.239,-793.158984,5059.657984
-14.613,8546.146024,5217.690112,2014-09-30 00:00:00,-0.5644195804195804,1325.09504,2415.280896,656.8,429.855984,20.041,1246.646016,20.041,3065.984,225.563008,-355.312,206.64,654.221,5254.598912,-50.272,836.302976,9963.983872,198.29535,5.49965,2.305,-4499.343872,11718.93504,3291.547112,180.666,0.0,1938.368016,3.85465,63.591,11718.934528,-129.83,-7.058,0.0612274242605935,92,153.360992,1214.225024,31.57830666,10393.839872,-7.295,-1.57335,-143.0,78.17,-355.312,3.85465,-1.645,-62.288,5.428,225.563008,14463.328256,-347.251,293.024,225.563008,0.0230648371966161,-15.135,0.183,3.85465,0.0239638032807861,-180.102,6464.336128,351.132,31.57830666,-199.719008,3279.322112,3388.913024,-1.645,-55.210008,224.156992,282.036906,21.973,-737.380984,5254.598912
-11.737,8626.315808,5282.110976,2014-12-31 00:00:00,0.8829486385235399,1166.349952,2426.407936,791.057984,430.708,96.444,1147.96096,96.444,3119.868928,176.988992,-318.817984,232.164,627.671008,5329.45792,-53.125,863.390976,10162.471936,1.5641519999999929,3.25585,2.306,-4512.305152,11759.529856,3296.857888,224.627008,0.0,2006.23296,76.921848,15.769,11759.529984,-73.994,-9.23,0.0375118321783783,92,-134.211,1126.980992,28.20027861,10593.179936,-6.695,-7.78515,-123.322,-48.574,-318.817984,76.921848,73.666,-232.208992,84.707,176.988992,14674.777088,-103.117984,86.609,176.988992,0.0167455405429431,-18.74,0.198,76.921848,0.111703738724274,-127.119,6430.071936,223.47,28.20027861,-116.443,3275.877888,2949.197056,73.666,-22.625984,209.094,193.8564,30.817,-522.676,5329.45792
-18.599,8704.673024,4575.68512,2015-03-31 00:00:00,-0.5518169684264502,932.713984,2414.877952,674.024,482.100984,54.795,1907.984,54.795,3401.627904,5.318,-287.804,214.653,595.161016,5297.726976,-29.026,693.982016,10366.580736,220.296248,4.55775,2.291,-4647.745024,11781.396096,3406.946048,175.47,-18.257,1975.150032,-160.729248,-4.265,11781.39648,-44.119,-2.092,-0.0110738542346088,90,7.778,1101.301024,23.26251909,10848.681728,205.689,-196.925248,-132.611,-171.671008,-287.804,-160.729248,79.03,-59.434,36.196,5.318,15014.326272,-285.696,228.37,5.318,-0.0049241689713476,-80.138,0.127,-160.729248,0.0789573774776319,-73.145,6483.66912,157.387008,23.26251909,-319.903008,2600.53504,3259.651968,-165.287008,-34.870064,204.364992,-57.52875,32.38,-501.171984,5297.726976
-11.819,8389.46304,4224.176896,2015-06-30 00:00:00,1.6038756607495066,821.502016,2428.115968,682.622016,460.5980080000001,-46.208,2096.029056,-46.208,3697.537024,10.031,-329.878016,125.072,526.537008,4681.894912,-27.217,531.511008,9720.000512,-549.222452,511.807456,2.294,-5624.326144,11002.100864,3707.568128,68.304,0.0,1626.679024,-65.415548,0.424,11002.100736,-78.629,827.907008,-0.0298449948487555,91,-25.822,983.349984,18.13292094,10180.598528,532.900992,-7.388548,-101.4,4.713,-329.878016,-65.415548,-603.300992,-264.032992,-58.027,10.031,15344.326656,-325.055016,65.845,10.031,-0.0128822651388445,291.58,-0.002,-65.415548,-0.0869370517345898,-105.846,6320.205952,138.552,18.13292094,-352.712,2597.498112,2925.186976,-577.222976,39.987984,194.116,-145.368298,22.396,-617.963984,4681.894912
-10.083,8621.940896,4429.813248,2015-09-30 00:00:00,1.499274047186933,970.460992,2433.127936,663.918016,455.92500000000007,20.43,1867.70304,20.43,3651.072,83.019,-247.778,125.461,536.596,4887.850016,-39.136,535.278016,9758.980096,148.900952,-222.697952,2.294,-5774.735872,11185.366304,3734.09088,73.223,144.03,1653.135,-99.875952,75.53,11185.366016,-64.374,-237.726,-0.0498816734997211,92,70.309,903.129984,8.1739938,10214.905088,-192.872,-103.732952,-55.1,72.988,-247.778,-99.875952,118.98,-137.71,10.347,83.019,15533.71648,-171.665,110.068,83.019,-0.021751277627664,172.640992,-0.032,-99.875952,0.0381670821317645,-103.51,6297.516288,133.59,8.1739938,-209.720992,2776.677888,2624.162016,129.312,-30.76,192.72,-249.0989,22.526,-693.385984,4887.850016
-16.009,8555.968,4388.767232,2015-12-31 00:00:00,-0.6766351606805293,804.763008,2437.790976,772.916992,1392.433,17.161,1685.358976,17.161,3627.618048,72.574,-118.672,-214.252,514.013992,4855.776,-33.417,550.678976,8732.705792,35.6978,-110.4558,2.294,-5062.200832,10929.902208,3700.192,-387.175008,-5.06,1649.984024,-69.0338,-51.265,10929.901568,-127.46,-184.752,-0.059213509092958,92,-17.168,672.436,6.5892399,10125.138816,-47.063,-66.2658,-52.9,-10.441,-118.672,-69.0338,30.405,-17.106,1.152,72.574,13794.907136,-91.145,101.566,72.574,-0.0261795639365694,1.874,-0.093,-69.0338,0.0311633469733189,-160.876992,6074.126208,121.735,6.5892399,-113.881,2738.782976,937.718976,45.342,19.662,169.848992,-296.999712,16.582,-1271.92704,4855.776
-1.734,8354.865072,4391.851008,2016-03-31 00:00:00,0.4095956873315363,1146.443008,2438.733056,649.256,479.036,-25.892,1584.930944,-25.892,3189.126912,426.649984,-77.656,-34.509,476.622016,4739.088176,-30.087,521.244,9090.39104,-94.62,29.155,2.297,-5549.599232,10715.870128,3615.776896,-74.154,-5.413,1632.890016,-15.25,43.049,10715.870208,-70.076,29.595,-0.0504852548464362,91,1.442,681.967008,9.416774489999998,9569.42704,11.637,13.49,37.1,354.072,-77.656,-15.25,-97.572,52.296,-27.626,426.649984,14639.98976,-69.203,129.952,426.649984,-0.0221871664199209,-96.856,-0.089,-15.25,-0.0496734734596465,-100.163,5976.781952,100.375,9.416774489999998,320.976,2758.960896,2138.712,-43.291,-26.846,222.936,-249.5753,31.252,-366.552992,4739.088176
-13.792,7496.296,4361.94816,2016-06-30 00:00:00,-2.024421775935961,526.24,2448.137984,546.681024,752.425992,-45.556,1151.378944,-45.556,3127.239936,97.626,-37.601,-33.857,213.819,4271.429952,-36.265,526.411008,8506.091008,-412.284148,174.521152,2.298,-5360.04608,9784.757056,3224.866048,-75.475,-5.412,1607.450056,-60.701852,-29.4,9784.757248,-86.099,529.558016,-0.055603020696356,91,-21.763,589.969016,13.42036329,9258.516992,439.272016,-0.174851453125,-56.466,-329.02,-37.601,-60.701852,-469.828,57.845,-59.348,97.626,13866.136576,-27.77,95.446,97.626,-0.0235592703994489,-395.449984,-0.174,-60.701852,-0.086540743464088,-122.364,5513.327104,36.068,13.42036329,-29.016,2754.498048,2133.612,-234.044,-322.188,200.952992,-244.861604,23.87,-44.675,4271.429952
-14.924,7412.446016,4205.084928,2016-09-30 00:00:00,-1.941720064513317,514.915008,2455.572992,511.928992,635.9599999999999,-44.179,1070.241984,-44.179,3042.032128,80.247,-450.62,-98.466,208.091,4290.166976,-38.847,538.427008,8414.619136,62.527556,-108.655552,2.298,-5506.096128,9565.493888,3122.27904,-144.925,-16.701,1441.275968,-48.335556,56.896,9565.494272,-70.965,-138.948992,-0.0435397927616109,92,100.801,659.279016,16.0143552,9050.579136,-67.915992,13.015445,-22.941,225.232992,-450.62,-48.335556,25.345,21.604,-59.103,80.247,13920.714752,-23.741984,472.224,80.247,-0.0186325969445995,-258.868992,-0.112,-48.335556,-0.0820519761148385,-109.812,5275.326912,43.804,16.0143552,11.878,2763.809024,2136.760992,62.568,212.810016,189.732992,-193.321208,16.824,114.639,4290.166976
-27.577,6397.242208,4298.788864,2016-12-31 00:00:00,-0.364910529459413,626.139008,2463.162112,266.624,2584.57692,5.516,940.014016,5.516,2410.054912,46.299,0.0,-66.785,440.025008,3940.888128,-22.052,294.676,5968.974848,-209.232528,153.29152,2.298,-3214.983936,9179.691008,2456.35408,-189.278,15.074,1850.358984,-147.163472,-138.374,9179.691008,-22.733,278.807008,-0.0696437882697229,92,-199.591008,336.762992,15.20529663,8553.551872,423.056008,-125.10248,122.219,-26.448,0.0,-147.163472,-306.047008,77.62,-22.061,46.299,9183.95904,14.662,77.62,46.299,-0.0294387664873196,-370.155008,0.01,-147.163472,0.0187188641083766,-44.785,5238.80288,51.145,15.20529663,266.087008,2448.43008,1081.715968,-300.455008,-286.298,65.919,-296.0008,4.567,291.519008,3940.888128
-45.681,6575.48396,4164.58112,2017-03-31 00:00:00,1.115156862745098,616.214976,2470.299904,649.644992,624.635008,15.889,992.849024,15.889,2607.878912,61.266,-103.922,-68.33,270.002,3906.33888,-21.802,279.639008,7822.919168,-15.07105,70.614048,2.304,-5695.34208,9063.769024,2669.14508,-170.304,-6.528,1507.287024,-20.39295,40.499,9063.769088,-27.731,102.956,-0.0662251703991054,90,76.014,852.358976,13.99587918,8447.554176,82.389,9.39905,51.0,7.467,-103.922,-20.39295,-38.966,107.873,-29.792,61.266,13518.261248,-94.054,211.795008,61.266,-0.0279675302325594,-116.686,0.099,-20.39295,0.056819683754564,-49.533,5157.430144,94.541,13.99587918,-87.642,2657.29408,1639.153024,-91.007,17.545008,324.654016,-276.59383,-5.028,264.942,3906.33888
-46.158,6729.039864,4111.931904,2017-06-30 00:00:00,-1.81021186440678,847.094016,2478.855936,505.568992,383.879992,-151.328992,825.713024,-151.328992,2342.358016,299.135008,-146.04,-174.102992,257.344,4087.54696,-21.754,238.336992,7794.217984,296.3808,-245.213792,2.304,-5825.601024,9025.191888,2641.492904,-308.443008,-0.863,1481.823968,-123.4068,-26.033,9025.191936,-170.456992,-209.464,-0.0840791758822202,91,-33.746,746.832992,12.46117014,8178.097984,-170.444,74.0802,70.8,237.768992,-146.04,-123.4068,169.51,-57.363,-197.487008,299.135008,13619.818496,172.259008,88.677,299.135008,-0.0360765225552668,-35.075,0.1,-123.4068,-0.6349370726303367,-192.211008,4937.644928,51.003,12.46117014,184.167008,2630.107904,1351.079008,121.807,237.974008,144.334,-339.298778,-5.475,149.734,4087.54696
-31.658,6614.518104,4048.141056,2017-09-30 00:00:00,-0.4971766561514195,805.283008,2488.376064,500.923008,375.323,-8.502,860.192,-8.502,2257.574912,285.708,-149.5,-138.425992,262.615,4071.23504,-21.469,265.496992,7798.962176,17.6001,-18.7811,2.305,-5939.425792,8979.568096,2543.283064,-289.500008,0.747,1515.829,-40.5771,32.723,8979.567616,-31.109,-19.335,-0.0820741264113131,92,26.858,798.771008,14.12933214,8174.285184,-3.651,-0.4171,63.4,-10.377,-149.5,-40.5771,-26.441,31.879,-40.16,285.708,13738.38848,-68.71,181.379008,285.708,-0.0357551054833125,-107.108,0.018,-40.5771,-0.0320229616763417,-52.578,4908.333056,57.906,14.12933214,-84.648,2532.312064,1078.148992,-21.796,16.075008,145.064,-331.540322,7.178,160.009,4071.23504
-22.841,6114.383064,2590.334976,2017-12-31 00:00:00,3.449866666666667,852.504,2452.563968,261.422,289.655992,26.088,441.679008,26.088,1705.316992,509.167008,-233.584992,13.403,175.778,3899.899008,-28.221,354.374016,5789.752832,57.57703199999997,-65.204028,2.241,-3526.742016,6931.912992,2214.484056,-148.364992,424.601984,382.962,220.829968,57.81,6931.913216,-36.639,-144.446,0.0272443338844704,92,53.004,428.582992,14.63,6079.408832,-304.429008,217.582976,-15.0,228.008992,-233.584992,220.829968,276.643008,-66.748,3.247,509.167008,9316.49536,-228.356992,166.836992,509.167008,0.0130176295969073,294.971008,-0.009,220.829968,0.0736171356310729,-64.86,3032.013984,48.908,14.63,-233.799008,2207.373056,1137.844992,286.033984,-89.521,32.454,104.867448,16.28,15.841,3899.899008
-30.203,7304.572792,2616.652032,2018-03-31 00:00:00,-3.0657692307692312,406.944,2411.664896,98.287,170.251,111.177,437.671008,111.177,2154.177024,82.49,-232.484992,93.76,156.173,5067.90592,-31.349,432.940992,6621.815808,536.00014,-535.830144,2.19,-2481.534976,8122.22896,2236.666872,30.755,-23.762,386.876,-8.26714,29.944,8122.229248,-27.1,-658.161024,-0.02882577277047,90,46.667,409.872,15.43,7715.284864,-439.557024,-71.258144,-13.0,-426.676992,-232.484992,-8.26714,527.563008,26.855,80.974,82.49,9103.350784,-130.721992,259.34,82.49,-0.0135994792348151,-259.672992,0.147,-8.26714,0.2567948105038758,-58.449,3054.32304,43.344,15.43,-426.344,2229.775872,1946.6,545.545984,-14.343016,68.918,-116.86031375,8.272,-62.138,5067.90592
-56.964,7393.46412,2693.843968,2018-06-30 00:00:00,-16.66695445715519,319.145984,2374.788096,100.43,213.313,117.321,474.991008,117.321,2299.695104,54.846,-264.174,246.084,121.785,5038.923136,-34.909,402.566016,6772.464128,-19.897932,21.70993,2.138,-2399.555072,8207.758112,2354.540984,104.418,-14.677,346.218008,63.723932,-26.728,8207.757824,-21.228,50.53,-0.0080808766578583,91,-2.25,387.324992,17.78,7888.612096,32.738,22.74693,4.633,-27.644,-264.174,63.723932,42.014,-72.585,60.357,54.846,9172.0192,-212.517,191.588992,54.846,-0.0038705313326463,-6.716,0.144,63.723932,0.2914329459941298,-56.137,3168.834976,17.421,17.78,-212.516992,2347.625984,1455.378016,61.394,72.367,58.372,-33.350336,-18.526,-80.599,5038.923136
-33.357,7255.339824,2626.470912,2018-09-30 00:00:00,-3.246177606177606,315.335008,2313.147904,110.918,223.892,108.659,533.745984,108.659,2163.84896,42.672,-297.464992,363.245,115.213,5048.818816,-32.435,378.041984,6768.61184,93.404076,-93.38208,2.055,-2508.187904,8209.035712,2206.521008,219.88,-14.263,426.908016,31.646924,24.176,8209.035776,-18.213,-116.138,0.0094326196611439,92,36.648,500.416992,14.31,7893.700864,-41.973,-21.928076,25.9,-12.174,-297.464992,31.646924,125.029,-58.176,75.302,42.672,9276.8,49.926016,239.288992,42.672,0.0045231933175085,-305.488992,0.209,31.646924,0.2874257479296268,-50.648,3160.216896,10.097,14.31,54.026,2199.563008,1567.923008,146.756,125.507008,16.14,38.873688,2.366,-170.654,5048.818816
-23.464,7480.24404,2987.451904,2018-12-31 00:00:00,2.563122362869198,501.686016,2266.05312,73.054,248.481,165.619008,522.975008,165.619008,2381.30304,17.198,-322.272992,502.916992,222.348992,5081.743168,-36.113,468.387008,6942.444032,-26.900016,26.568016,1.99,-2624.984064,8592.17008,2398.500872,368.054016,-15.588,595.947984,128.495016,-95.764,8592.169984,-15.693,65.053,0.0474587406301557,92,-193.384,419.677008,11.42,8090.483968,156.977,13.828015,-35.550000000000004,-25.474,-322.272992,128.495016,101.927,-126.669,142.155008,17.198,9567.427584,-311.316992,195.604,17.198,0.0251595312243624,88.739,0.294,128.495016,0.353594367843781,-51.806,3510.426912,11.077,11.42,-309.816992,2391.503872,1663.984,129.415,75.978008,16.72,195.289328,9.757,-230.574,5081.743168
-35.192,7645.838936,3214.05696,2019-03-31 00:00:00,-1.2270644391408114,364.966016,2251.474944,175.148992,177.03799999999998,128.382,588.494976,128.382,2647.05792,23.972,-299.137984,519.981008,166.444,4974.80896,-35.738,429.228,7337.43616,-123.413944,123.457944,1.964,-2741.660928,8777.360896,2671.029976,371.004008,-8.051,620.553984,36.120944,7.595,8777.361408,-21.948,182.298,0.0607463299468035,90,89.186,473.811008,10.77,8412.395136,181.642,-34.383056,-41.9,6.774,-299.137984,36.120944,-87.337,9.514,93.19,23.972,10079.096832,-293.331984,308.652,23.972,0.0307684157909108,-8.546,0.229,36.120944,0.29909977913836,-57.686,3802.551936,10.276,10.77,-293.332,2593.502976,1678.223008,-64.651,62.346992,29.326,259.986816,-0.143,-247.916,4974.80896
-461.871008,7939.745008,3423.457024,2019-06-30 00:00:00,-0.4691301148982693,460.094016,2205.848064,191.504,225.509,485.319008,623.244992,485.319008,2807.139072,32.611,-329.227008,887.979016,291.157008,5099.995072,-48.97,813.017984,7564.811776,153.139337,-153.098336,1.879,-2863.627008,9146.697088,2839.749936,334.095008,-23.798,657.049016,9.378663,1.238,9146.696704,-22.361,-177.575008,0.0476327676090485,91,73.457,548.297024,7.31,8686.602752,-112.912008,16.147663,-145.433,8.639,-329.227008,9.378663,162.476992,-77.206,23.448,32.611,10428.438528,-327.946008,252.020992,32.611,0.0236989928629809,84.564,0.103,9.378663,0.5969351447950259,-71.331,4046.702016,11.636,7.31,-327.945984,2766.407936,2088.674976,192.694,109.656984,31.078,205.641547,-421.790016,-252.537,5099.995072
-41.844,8066.230016,3442.816,2019-09-30 00:00:00,-0.8442686945500635,345.726016,2199.65312,168.28,309.666008,76.398,621.624,76.398,2838.927872,5.484,-336.136992,855.718016,235.718,5221.818048,-24.307,351.156,7736.222208,116.92291925,-116.88192,1.87,-2981.72288,9286.258048,2844.411968,293.347008,-16.343,670.668,-1.34391925,105.968,9286.257664,-23.821,-145.602,0.0394831299754075,92,164.340992,528.435008,7.26,8940.532224,-94.919,-7.4759195,-197.25,-27.127,-336.136992,-1.34391925,115.538,-30.718,34.554,5.484,10717.944832,-327.947992,305.419008,5.484,0.0197368171436626,-4.598,-0.034,-1.34391925,0.2175614256911458,-48.128,4064.44,11.462,7.26,-327.948,2772.147968,2061.788992,143.96,-3.135984,37.589,172.65070375,-4.439,-225.079,5221.818048
-37.152,7903.757968,3569.558016,2019-12-31 00:00:00,0.3305503512880561,498.100992,2201.475072,67.088,346.027,63.991,528.939008,63.991,2925.16608,16.283,-228.096992,371.070016,341.354,4962.309056,-34.535,412.208992,7323.672064,-237.410276,232.58328,1.87,-3435.430912,9060.80608,2941.448912,216.828992,-17.534,696.943,-38.824724,-5.875,9060.805632,-49.585,352.315008,0.0083867961654261,92,-103.11,418.788992,8.85,8562.705024,355.142008,-34.310724,-85.4,10.799,-228.096992,-38.824724,-271.408,-113.629,26.839,16.283,10759.103488,-198.212992,114.468,16.283,0.0040337747895295,94.544,0.037,-38.824724,0.1552392141896798,-84.12,4098.497024,13.679,8.85,-198.212992,2872.614912,1602.445952,-240.055008,27.978008,15.221,35.604064,-0.179,-212.039008,4962.309056
-54.181,7465.688808,3383.888896,2020-03-31 00:00:00,1.4145958506919,586.052992,2207.814912,104.884,295.950008,144.076992,500.351008,144.076992,2789.146112,31.833,-152.048992,769.785,452.476992,4644.709888,-30.238,429.014016,7228.623872,-527.6086399999999,527.72064,1.874,-3622.413056,8528.949792,2820.97892,174.737,160.291008,645.182992,198.63464,-66.123,8528.94976,-24.464,583.659008,0.041690987327941,91,-23.444,363.992,5.32,7942.896896,490.753008,132.60264,47.767,21.743,-152.048992,198.63464,-329.086016,115.338,89.896,31.833,10851.037184,-138.073992,267.387008,31.833,0.019396930763657,-107.57,0.133,198.63464,0.3358328320909682,-54.702,3884.239904,11.692,5.32,-138.074,2738.70592,2005.396992,-305.222016,-121.108984,21.29,167.84465975,-5.278,-106.215,4644.709888
-51.055,7273.483,3276.20608,2020-06-30 00:00:00,-0.82108,430.721984,2263.60704,102.913,247.275992,92.007,476.524,92.007,2686.921984,19.607,-134.852,376.599992,331.624,4566.953984,-23.419,350.646016,7225.00096,-147.38252450000002,147.49352,1.878,-3730.232064,8319.684064,2706.529016,192.368,-4.4,651.512008,1.7445245,-33.836,8319.684096,-29.786,226.184992,0.0113009811842652,91,-27.066,286.486992,8.65,7888.961984,203.067992,-23.944476,50.0,-12.105,-134.852,1.7445245,-145.748992,8.946,40.952,19.607,10955.23328,-122.701,143.798,19.607,0.0052227421092296,-33.202,0.039,1.7445245,0.2623928286696975,-53.205,3752.73008,8.407,8.65,-122.701,2624.694016,1580.084,-130.486,-9.355032,19.46,45.61120125,-5.122,-20.063,4566.953984
-40.101,6998.591032,3351.036928,2020-09-30 00:00:00,18.137833333333333,332.239008,2991.948032,101.974,194.421,50.57,507.960992,50.57,2578.283008,150.132,-108.335,350.644992,96.088,4270.176,-22.714,303.92,7187.466752,-191.941907,192.053904,2.249,-3841.699072,8129.17392,2728.415032,168.156,-24.452,704.561008,-12.644093,112.686,8129.174016,-20.425,276.838016,0.0078537434927385,92,95.333,178.18,9.44,7796.934784,218.063016,-7.208093,6.0,130.4,-108.335,-12.644093,-204.698,114.827,10.469,150.132,11029.16608,-102.48,223.162,150.132,0.0039257169306066,9.718,0.012,-12.644093,0.1663924717030797,-43.139,3858.99792,5.386,9.44,-102.48,2646.476032,1514.195008,-188.792992,154.701008,18.638,34.1840275,-4.18,125.482,4270.176
-49.032,6960.180776,3178.014976,2020-12-31 00:00:00,-0.269983522032637,273.332,2961.564928,86.464,220.794992,109.256,441.312,109.256,2522.127104,15.617,-92.055,395.279008,102.129,4422.436864,-33.024,392.707008,7134.227968,147.585808,-150.499808,2.208,-3938.450944,8041.76384,2537.743912,200.888992,-10.795,722.295992,45.258192,44.457,8041.76384,-13.566,-206.868992,0.054181916563042,92,-43.692,293.452008,10.8,7768.432,-135.988992,-14.965808,94.065,-134.722,-92.055,45.258192,195.758,68.669,60.224,15.617,11072.678912,-75.714,160.724,15.617,0.0271913799129048,-219.732,0.175,45.258192,0.2782125039133501,-46.59,3619.326976,4.973,10.8,-75.714,2455.718912,1463.518976,195.758,-86.932016,16.536,232.521232,-11.398,307.78,4422.436864
-40.741,6977.23,3100.920064,2021-03-31 00:00:00,-0.0879802087184008,277.446016,2962.140928,126.436,267.030008,139.384,457.907008,139.384,2437.210112,29.61,-123.429,391.217,92.873,4510.409984,-28.321,417.113984,7112.990208,0.0,-27.466124,2.207,-4064.59392,8069.237056,2466.820016,210.288,-11.634,713.793992,70.55888,-8.968,8069.237248,-20.61,-32.248,0.0251397522246757,90,-19.95,230.236,14.7,7791.791232,12.629,-28.084124,105.501,13.763,-123.429,70.55888,98.025,96.219,98.643,29.61,11177.583616,-118.424,219.648,29.61,0.0126420437906178,-87.461,0.276,70.55888,0.334162855590092,-48.931,3558.827072,10.452,14.7,-118.424,2387.126016,1464.387008,98.025,44.58599999999999,31.335,104.9175035,-4.369,288.661,4510.409984
-44.941,6511.025968,3125.984,2021-06-30 00:00:00,0.2000762692496055,333.976,2952.27392,125.346,235.743008,113.393,809.195008,113.393,2334.729984,39.365,-128.958,412.603,131.246,4136.930944,-23.677,375.796,7092.257792,0.0,380.42432,2.191,-4119.856128,8072.109952,2374.095024,237.788,5.778,822.590992,26.365316,24.04,8072.11008,-25.255,526.355008,0.0328637551406468,91,33.468,322.718992,13.66,7738.13376,437.211008,-42.086684,91.885,9.522,-128.958,26.365316,-354.059008,110.269008,68.452,39.365,11212.11392,-121.994,239.227008,39.365,0.0158052612922218,-107.711,0.251,26.365316,0.3017408381142961,-48.932,3935.179008,11.495,13.66,-121.994,2303.393024,1489.536992,-354.059008,26.432,31.284,129.538295,-5.365,389.984,4136.930944
