Non-Operating Income (Loss),StockBased Compensation,Line of Credit Available,Equity Charge,WACC Discount Factor,Other Accrued Liabilities,Operating Leases,Line of Credit,Total Current Liabilities,BALANCE SHEET,Total Liabilities & Equity,Operating Income,NonCash Items,Days in Period,Net Share Repurchases,"Cash, Cash Equivalents & STI",Misc LT Assets,Rental Expense - Years 2 - 5,"Selling, General & Admin",Revenue,ST Debt,-Net Share Repurchases,LTM Basic EPS,Rental Expense - Year 1,ST Capital Leases,Rental Expense Beyond Year 5,Dep & Amort,Work In Process,Total Liabilities / Tangible Assets,Current Liabilities,Other Adjustments,Free Cash Flow (LTM),Deferred Compensation,Other Operating Expenses,Free Cash Flow to Firm,ST Deferred Tax Assets,Cash (Repurchase) of Equity,Free Cash Flow to Equity,Deferred Tax Liabilities,Repayments of LT Debt,Other PostRet Benefits,Effect of Foreign Exchanges,Income (Loss) from Cont Ops,year + weight + convention,Free Cash Flow to Firm Model,Dividends,Net Extraordinary Losses (Gains),Net Cash From Disc Ops (fin),Period Weight,Pretax Income,LT Marketable Securities,ST Borrowings,Dividend Yield (LTM),Free Cash Flow per Share,LT Receivables,Prepaid Expenses,Cash % of Revenue,Diluted - Basic Shares,Diluted EPS,Operating Margin,Operating Expenses,Line of Credit Used,Interest & Dividends Payable,PP&E Gross,EBITDAR,A = L + SE,Inventories,Discontinued Operations NI,PV of Free Cash Flow to Firm,Pensions,Raw Materials,Other Non-Op Income (Loss),Bull,Discounted Residual Income (Bear)
-17.367,2941.020032,1920.685056,2011-03-31 00:00:00,1.4345670421432608,161.538,732.966976,104.089,39.822,37.89,241.702,37.89,1030.104,24.896,-203.168992,183.990616,27.724,1886.020032,-24.299,209.008992,3847.046912,0.9989999999999988,0.93,10.446,-1918.876032,4048.407088,1055.0,113.594616,-1.018,882.076024,13.816,-32.803,4048.40704,-6.308,0.966,0.0276031708777319,90,-20.04,241.701992,13.2425,3886.868912,20.123,-6.707,-45.986,-31.053,-203.168992,13.816,12.886,-111.956,20.523,24.896,5765.922816,-198.125992,91.213,24.896,0.0131343184758167,75.86,0.029,13.816,0.0,-30.607,2162.387056,4.733,13.2425,-198.126,1055.0,855.407008,12.886,-26.912992,38.659,51.62,0.0,-364.99,1886.020032
-18.044,3061.199104,1997.236992,2011-06-30 00:00:00,-23.673320659062107,235.838,737.468032,105.53,46.606,73.45,286.724,73.45,1055.686016,39.314,-201.044992,210.701616,55.166,1966.19904,-26.006,241.599008,3967.716096,44.693,-20.564,10.447,-1992.96896,4250.160032,1095.000064,138.030616,-0.19,902.237032,34.113,8.566,4250.160128,-4.592,-36.486,0.0353374498502537,91,-21.4,276.946,16.5775,4014.322096,11.853,-21.293,3.156,14.418,-201.044992,34.113,54.677,-71.557,55.406,39.314,5960.685056,-151.751992,129.488,39.314,0.0165891656053278,36.682,0.068,34.113,0.0,-30.598,2283.960992,6.929,16.5775,-151.752,1095.000064,897.707008,54.677,17.736008,35.851,67.355,0.0,-344.888,1966.19904
-18.517,3248.169856,2140.249984,2011-09-30 00:00:00,-1.7364492482208786,310.036992,741.433984,107.531,59.043,61.443,288.976992,61.443,1142.072064,62.928,-264.772992,214.154616,117.201,2043.16992,-27.949,262.180992,4103.316992,50.054,-2.349,10.449,-2095.952,4472.396896,1204.999936,139.724616,-0.922,935.249984,26.133,-22.651,4472.3968,-20.19,10.032,0.0347072490550982,92,-11.201,257.002,15.4775,4162.359992,46.027,-16.793,149.512,23.614,-264.772992,26.133,28.482,-110.108,42.926,62.928,6199.268864,-236.999992,154.664992,62.928,0.0160218896075352,105.949,0.088,26.133,0.0,-48.139,2429.226976,6.554,15.4775,-237.0,1204.999936,935.632992,28.482,27.665,34.879,67.445,0.0,-375.33,2043.16992
-17.735,3054.768,1883.380992,2011-12-31 00:00:00,-2.078315964797768,345.8,745.278976,88.955,51.109,71.65,343.344,71.65,920.089024,29.911,-222.29,244.432992,180.230008,2104.768,-16.232,268.04,3934.584064,0.0,-16.215,20.902,-1870.771968,4331.492992,950.0,172.77,-0.619,933.381,10.148,29.232,4331.492864,-15.538,-44.124,0.0423430185623056,92,22.8,287.827,18.975,3985.693064,-16.253,-43.767,88.858,-33.017,-222.29,10.148,26.363,-95.817,53.915,29.911,5805.356032,99.258,126.473,29.911,0.0202024254383893,-258.748,0.076,10.148,0.0,-31.77,2226.724992,4.579,18.975,99.258,950.0,980.828992,26.363,-29.269,29.86,84.209,0.0,-389.438016,2104.768
-16.917,3136.956032,1955.683968,2012-03-31 00:00:00,-0.0059711423968621,339.727008,737.948032,86.035,51.864,47.196,322.153984,47.196,979.672,32.328,-188.547008,253.739,201.420008,2124.956032,-22.549,272.136,4011.203072,13.050999999999998,0.327,20.983,-1978.259968,4402.793984,1012.0,182.526,0.081,955.327992,18.645,-35.444,4402.793984,-4.001,0.922,0.0443976720774567,91,-7.135,253.745,15.585,4063.067072,9.176,-11.634,-57.108,2.417,-188.547008,18.645,18.318,-56.767,30.279,32.328,5989.46304,-187.267008,131.78,32.328,0.0210713245956744,57.904,0.064,18.645,0.1734279918864097,-26.55,2277.837952,3.366,15.585,-187.267008,1012.0,1043.956,18.318,6.512992,29.605,89.039,0.0,-334.249,2124.956032
-18.495,3103.32992,1938.002944,2012-06-30 00:00:00,0.3705184448814642,295.867008,741.667968,95.551,52.651,10.718,340.859008,10.718,923.358976,48.641,-222.78,191.007,146.074,2131.32992,-46.872,265.999008,4061.673984,12.132,-41.224,20.998,-2093.12704,4410.191872,972.0,119.343,-5.425,966.003008,-5.287,7.853,4410.191872,-16.244,-53.318,0.0242287488311003,91,14.051,294.726992,19.7,4114.324984,-7.512,2.49,-46.273,16.313,-222.78,-5.287,35.937,-63.418,-7.777,48.641,6154.801152,-91.345,159.362,48.641,0.0114635063332298,-49.616,0.03,-5.287,0.0402933833497604,-63.116,2278.861952,6.728,19.7,-93.433,972.0,1068.356,35.937,28.017,33.892,49.639,0.0,-326.11,2131.32992
-16.219,3162.28704,1969.859968,2012-09-30 00:00:00,0.3535474385216364,224.674,739.784,98.68,39.342,76.05,412.790016,76.05,1024.499008,37.501,-257.871008,205.614,65.843,2100.28704,-23.829,297.023008,4218.92096,-61.744,0.168,21.024,-2200.847872,4482.937024,1062.0,136.248,-0.671,982.859976,36.776,10.28,4482.936832,-9.303,-0.327,0.0290974423443751,92,-9.898,320.619992,22.45,4258.26296,25.845,-23.055,-69.374,-11.14,-257.871008,36.776,36.609,-93.901,59.831,37.501,6419.768832,-257.846008,163.97,37.501,0.0134628150054834,85.136,0.07,36.776,0.2560407710907028,-33.132,2382.649984,2.937,22.45,-260.246,987.0,1103.198016,36.608,-3.876008,34.963,60.282,0.0,-309.903,2100.28704
-16.662,3218.446912,2040.72704,2012-12-31 00:00:00,1.0799003769520732,270.310016,737.651968,107.191,35.026,122.07,444.139008,122.07,1056.264,30.736,-258.779008,255.992,52.982,2131.446912,-17.919,369.924,4310.977024,0.0,10.117,21.043,-2207.238912,4616.31296,1087.0,187.699008,0.018,1028.727,50.984,38.011,4616.312832,-17.998,18.848,0.0477275124610108,92,-27.251,363.744,24.87,4346.003024,66.417,-54.424,-29.712,-6.765,-258.779008,50.984,40.866,-61.798,105.408,30.736,6518.216192,-222.193008,196.980992,30.736,0.022595930987905,20.822,0.109,50.984,0.3299866999708048,-35.917,2484.866048,2.158,24.87,-224.568,1012.0,1205.04,40.867,-0.212016,35.026,101.092,0.0,-275.884,2131.446912
-16.255,3250.213952,2117.357952,2013-03-31 00:00:00,3.2971945701357463,238.88,736.971008,111.315,36.184,87.11,447.264,87.11,1106.542976,20.457,-260.168992,295.948,42.039,2123.213952,-35.704,373.284992,4412.77184,-46.233,0.058,21.075,-2348.502016,4687.835904,1127.0,228.317,0.032,1065.358,42.882,-22.553,4687.83616,-4.024,1.12,0.0590160000527888,90,-19.9,346.163992,33.805,4448.95584,40.211,-27.973,-11.05,-10.279,-260.168992,42.882,42.824,-47.484,70.855,20.457,6761.273856,-259.682992,212.684992,20.457,0.0275789462367989,37.969,0.122,42.882,0.2333605740034681,-39.728,2564.621952,7.555,33.805,-260.932992,1052.0,1306.231008,42.824,-6.998,36.184,125.355,0.0,-266.601,2123.213952
-16.701,3428.24096,2237.304064,2013-06-30 00:00:00,-0.6308697089947091,403.192992,746.232,114.498,56.536,164.46,494.391008,164.46,1094.722944,47.277,-263.887008,449.69,145.624,2286.24096,-21.608,449.68,4558.206976,69.02399999999999,-0.166,21.076,-2475.788032,5017.936032,1142.0,383.853008,0.001,1170.303992,88.948,24.51,5017.935872,-4.529,0.053,0.0994166278097161,91,-14.797,419.391008,35.51,4614.742976,50.631,-58.811,36.288,26.82,-263.887008,88.948,89.114,13.395,147.759008,47.277,7033.994752,-263.467008,277.281984,47.277,0.0465818889948209,16.005,0.194,88.948,0.3657267390144103,-26.137,2731.695072,17.843,35.51,-266.467008,1067.0,1489.912,89.114,28.814976,38.573,219.59,0.0,-189.788,2286.24096
-15.796,3490.734016,2303.385088,2013-09-30 00:00:00,-40.37661141804788,289.756,740.579008,113.401,51.46,127.111,399.272992,127.111,1134.067968,27.932,-319.472,500.751,69.57,2328.734016,-24.697,435.849984,4690.176,-10.648999999999994,-2.67,42.196,-2609.955072,5031.392096,1162.0,435.337008,0.011,1141.384976,67.219,-26.98,5031.392256,-3.891,-4.739,0.1129066657568854,92,-3.312,394.582992,37.32,4741.636,40.227,-44.096,1.086,-19.345,-319.472,67.219,69.889,-42.763,111.315,27.932,7300.130816,-305.204,276.708992,27.932,0.0525592498824442,13.524,0.169,67.219,0.2916393361620497,-28.588,2702.65808,10.767,37.32,-309.577984,1162.0,1628.738976,69.889,-8.495008,42.752,250.033,0.0,-138.65,2328.734016
-16.19,3351.602048,2368.572928,2013-12-31 00:00:00,-2.0080657352020213,378.899008,753.140992,120.107,55.954,150.448,407.904992,150.448,1123.6,23.4,-351.211008,529.128992,124.484,2204.601984,-11.735,487.463008,4546.2272,-31.535000000000004,-10.07,42.201,-2525.971968,4981.079904,1147.000064,464.187008,-2.746,1221.573,67.876,30.689,4981.080064,-16.583,-24.991,0.1231102353325491,92,-8.756,393.992992,38.76,4602.1812,5.704,-66.382,92.614,-4.532,-351.211008,67.876,77.946,-93.361,134.258,23.4,7072.199168,-42.884,257.85,23.4,0.0556205217171511,-181.152992,0.175,67.876,0.3086347015689855,-28.318,2776.47792,38.688,38.76,-81.229,1147.000064,1746.278016,77.946,199.966,55.954,266.906,0.0,-170.212992,2204.601984
-16.557,3490.79104,2444.356096,2014-03-31 00:00:00,-2.883559011687049,373.830016,756.241024,113.486,61.376,195.772,432.628,195.772,1196.56896,25.431,-338.700992,637.791,94.349,2268.79104,-21.636,509.803008,4710.56896,-38.385000000000005,0.775,42.291,-2667.625984,5145.775136,1222.0,572.547016,0.09,1222.356024,107.806,-31.808,5145.775104,-6.474,4.49,0.1511150377125983,90,-48.15,359.199992,33.88,4771.94496,49.079,-71.409,44.237,2.031,-338.700992,107.806,107.031,-83.323,179.215008,25.431,7378.194944,-338.592992,255.378,25.431,0.0674928042386362,82.801,0.267,107.806,0.3840149958471802,-28.11,2876.984096,21.128,33.88,-336.148,1222.0,1882.796,107.031,-8.214992,61.376,331.849,0.0,-206.052,2268.79104
-16.334,3594.93888,2444.836096,2014-06-30 00:00:00,4.106655727617681,306.096,765.508992,115.298,77.30199999999999,214.478,362.147008,214.478,1147.389952,45.61,-279.775008,687.809,36.472,2401.938944,-20.127,533.187008,4825.524224,11.39215200000001,2.41485,42.291,-2822.377984,5208.922048,1192.999936,622.932008,0.001,1251.835952,120.834848,-30.613,5208.922112,-2.347,-29.837,0.1551714547855371,91,0.871,323.653992,34.14,4902.826224,52.716,-77.309152,9.751,20.179,-279.775008,120.834848,118.42,49.795,198.144,45.61,7647.902208,-279.775008,329.569984,45.61,0.0711334504828496,-33.035,0.251,120.834848,0.4022566131243768,-22.474,2806.983104,2.571,34.14,-276.356,1192.999936,1966.303008,118.42,20.794976,27.448,363.735848,0.0,-169.652,2401.938944
-17.422,3978.470976,3008.002048,2014-09-30 00:00:00,-1.186872405420224,587.945984,755.377984,151.379008,89.10499999999999,118.389,432.791008,118.389,1302.013056,309.987008,-346.372992,679.087,74.89,2366.470976,-19.579,512.016992,5130.212864,59.7319,-46.7669,42.291,-2976.368128,5807.264032,1612.0,612.584008,-5.626,1396.001976,54.0211,29.132,5807.263744,-80.718,-6.245,0.1493174200475888,92,48.145,432.791008,32.69,5219.317864,55.355,-46.9459,-63.835,264.376992,-346.372992,54.0211,100.788,11.929,100.967,309.987008,8106.580992,-341.704992,358.302016,309.987008,0.0646829178820695,270.915008,0.214,54.0211,0.2312208419833067,-100.297,3440.793056,4.662,32.69,-364.84,1612.0,2042.470016,100.788,434.842088,31.61,350.537948,0.0,-114.96,2366.470976
-23.471,3894.732928,2795.964928,2014-12-31 00:00:00,0.3108769689229457,413.447008,752.723968,135.33,98.558,112.145,499.017984,112.145,1731.046016,20.954,-514.891008,860.102976,153.685008,2142.732928,-14.919,618.003968,4925.710848,-359.763704,376.811712,42.292,-3902.505984,5437.71584,1752.0,648.715008,-1.376,1043.964968,155.040704,-7.843,5437.715968,-163.596,669.942016,0.2323594138587499,92,-50.246,463.745,29.61,5024.268848,391.437,66.3667,-169.128,-289.032992,-514.891008,155.040704,-221.771008,-221.706,88.674,20.954,8828.217344,-479.312008,293.184992,20.954,0.0969540231805547,105.278,0.22,155.040704,0.181463236171325,-178.515008,3294.982912,10.615,29.61,-687.496,1752.0,2173.010944,-221.771008,-46.127016,30.529,505.072096,0.0,-243.196992,2142.732928
-23.566,4052.530944,2934.045952,2015-03-31 00:00:00,0.8328172930821938,349.403008,753.529984,168.948992,178.644,95.425152,402.745984,95.425152,1863.052032,13.948,-395.241984,540.437152,136.489,2175.531008,-16.619,464.764992,5058.804224,-0.7260000000000062,0.726,42.35,-4071.992064,5512.322944,1876.999936,459.644152,2.678,1057.046016,40.981,-20.842,5512.323072,-6.373846,6.783,0.1668995396798031,90,28.712,363.602008,29.53,5162.920224,22.917,-30.878154,-69.762,-7.006,-395.241984,40.981,40.255,-127.861,71.859152,13.948,9130.796032,-392.160984,267.380992,13.948,0.0695954655090615,122.852,0.029,40.981,0.2053191476177276,-22.992846,3336.791936,0.007,29.53,-397.239008,1876.999936,2127.97296,40.255,0.220008,29.588,370.877652,0.0,-287.843,2175.531008
-24.168,4140.916096,3080.152064,2015-06-30 00:00:00,2.280641800375077,254.992992,759.697024,169.768992,117.272,-11.996308,278.852,-11.996308,1979.76896,15.231,-249.928992,313.962844,80.985,2145.916032,-19.978,306.296992,5132.655104,-4.526350000000001,4.52635,42.37,-4207.027968,5504.920096,1995.000064,225.335844,-10.437,1085.151984,-22.98165,-49.318,5504.920064,1.58869225,54.436,0.0998541752972555,91,-5.372,276.097992,31.54,5249.927104,51.578,13.182658,-23.995,1.283,-249.928992,-22.98165,-27.508,-78.719,-36.164308,15.231,9339.682816,-249.928992,171.21,15.231,0.0423865034167925,101.338,0.043,-22.98165,-0.0391656082603645,-18.389308,3359.004064,4.807,31.54,-271.264992,1995.000064,1901.082944,-27.508,39.281008,36.197,227.061154,1.512,-416.357,2145.916032
3.223,4158.736896,3097.349888,2015-09-30 00:00:00,2.3259901570189827,215.420992,759.307008,167.63,127.847,-4.78,265.584992,-4.78,2028.226944,8.773,-174.747008,190.793844,73.623,2121.73696,-11.102,305.296,5141.40416,-15.184,15.184,42.377,-4335.773184,5484.67184,2036.999936,122.811844,0.005,1080.350016,-0.33,-8.454,5484.672,-3.282,4.477,0.0769616989510175,92,6.502,74.883,21.86,5269.25116,11.049,1.227,-8.534,-6.458,-174.747008,-0.33,-15.514,-28.384,-1.557,8.773,9477.177344,-170.369008,146.363008,8.773,0.0305899817206752,28.244,-0.002,-0.33,-0.0156569362192757,-14.384,3362.93488,8.96,21.86,-181.064992,2016.999936,1694.361952,-15.514,17.994,34.439,172.710054,27.733,-456.67,2121.73696
23.778,4025.326976,3008.297984,2015-12-31 00:00:00,-0.2149342176796782,144.786,764.374016,147.259008,131.373,-42.848,235.552,-42.848,2015.62496,0.514,-135.763008,27.179,9.551,2009.187968,-13.777,280.792,4976.879104,-103.375934,103.375936,42.377,-4596.220928,5253.037952,2016.139008,66.423,0.001,1012.158976,-7.748066,21.869,5253.03808,-8.724,182.267008,0.0225159434251417,92,22.796,215.552,17.69,5108.252104,103.096008,11.321934,36.788,-8.259,-135.763008,-7.748066,-111.124,28.881,-19.07,0.514,9573.09952,-135.490008,164.644,0.514,0.0087444174265227,-29.138,-0.037,-7.748066,-0.1525969400837631,-22.501,3243.849984,5.228,17.69,-143.764992,1996.139008,1357.149952,-111.124,17.153992,27.856,46.742208,48.444,-206.004,2009.187968
-24.375,4547.252096,2559.266048,2016-03-31 00:00:00,-0.1798060914699833,720.686976,1758.722048,159.535008,144.207,-72.749,199.382,-72.749,1023.875968,579.315968,-92.237,-132.373308,27.036,2944.060032,-17.77,281.940992,4837.81376,10.923332000000002,-10.923332,47.489,-3327.412992,5702.70808,1603.192064,-153.915308,-8.245,976.073984,-62.117332,-8.077,5702.708224,-32.795,-37.596,-0.0364001918403232,91,12.382,179.382,22.71,4982.020768,-55.963,35.006668,-30.633,578.801984,-92.237,-62.117332,-51.194,-25.125,-97.124,579.315968,8165.227008,-42.409,67.112,579.315968,-0.0166164579555356,565.750976,-0.136,-62.117332,-0.2580291694511736,-50.565,2758.648048,3.855,22.71,-54.061,1583.192064,1174.325984,-51.194,-388.297,27.029,-93.177048,-2.009,-112.208,2944.060032
16.224,4417.447936,2464.380928,2016-06-30 00:00:00,2.5717829457364343,659.238016,1764.436992,161.516,148.552,-69.504,228.49,-69.504,1022.358976,517.489984,-67.162,-189.881,10.926,2877.598976,-19.945,246.816,4762.679808,-28.078855999999995,28.078858,47.504,-3378.767104,5570.469904,1539.84896,-171.031,-5.046,944.531992,-34.831144,11.223,5570.469888,-3.811,39.297,-0.0418139656526333,91,-5.756,189.988992,25.74,4911.231808,11.333,18.448858,6.45,-61.826,-67.162,-34.831144,-62.91,23.038,-53.28,517.489984,8141.447168,-67.162,90.2,517.489984,-0.0189657506336441,-78.345,-0.075,-34.831144,-0.2816024893037728,-23.756,2692.870928,6.739,25.74,-73.681,1519.84896,1114.844992,-62.91,23.038,24.929,-105.026542,38.26,-10.451,2877.598976
-36.488,4383.44,2471.908096,2016-09-30 00:00:00,-0.6420700058806985,655.644992,1769.633024,138.696,153.678,2.909,196.763008,2.909,1018.996992,501.192992,-86.394,-182.192,21.65,2863.250048,-19.776,310.428992,4722.597888,9.758648,-9.741648,47.504,-3504.496128,5531.921152,1520.189952,-203.053,10.068,951.718,-20.001648,-27.472,5531.920896,-6.247,-9.579,-0.0500294944800786,92,-29.227,57.242,25.8,4876.275888,0.39,13.577352,39.111,-16.297,-86.394,-20.001648,-10.26,13.999,-33.579,501.192992,8227.094016,-86.394,100.393,501.192992,-0.0226382496253041,-24.291,-0.04,-20.001648,0.0093709030888455,-26.023,2668.671104,5.574,25.8,-92.399,1520.189952,1119.977984,-10.26,-6.001,24.633,-124.69819,-15.005,31.932,2863.250048
11.861,4088.196992,2297.090048,2016-12-31 00:00:00,-0.7079322186567585,715.881024,1774.813952,136.684992,156.563,-6.367,257.812,-6.367,1021.987968,498.542016,-129.36,-125.605,18.325,2567.666944,-15.489,316.491008,4250.125056,-296.00977125,296.00976,47.504,-3720.329984,5122.568992,1520.530048,-178.282,0.0,776.559968,3.24977125,29.188,5122.569216,-20.19,500.193984,-0.0496650045436266,92,-40.553,217.553,23.36,4406.688064,331.830984,-2.24422875,35.526,-2.651,-129.36,3.24977125,-292.76,10.376,5.494,498.542016,7970.45504,-128.769,139.736,498.542016,-0.0219080689462516,-9.31,0.011,3.24977125,-0.0201174751858984,-35.679,2554.902048,8.027,23.36,-133.077,1520.530048,1155.677056,-292.76,10.967,27.039,-113.65476,32.376,22.288,2567.666944
-56.103,4228.049024,2312.81408,2017-03-31 00:00:00,-0.4030963751663665,748.313024,1775.723008,164.327008,167.715008,190.343008,224.395008,190.343008,983.385024,537.484992,-208.384,117.381008,9.284,2707.179008,-15.447,517.843008,4328.359936,21.8684,-21.8684,47.541,-3831.390976,5244.388096,1520.870016,52.875,0.037,791.943984,83.8516,11.855,5244.38784,-15.734,-44.34,0.0114200015329735,90,11.326,211.702992,23.91,4496.074944,17.232,-50.3884,102.184,38.943,-208.384,83.8516,105.72,60.994,134.24,537.484992,8159.751168,-208.01,269.377984,537.484992,0.0058953678786315,-14.683,0.163,83.8516,0.3675689447563227,-31.181,2537.209088,4.857,23.91,-215.752,1520.870016,1391.579008,105.72,61.367984,24.226,32.26857925,-34.049,112.703,2707.179008
-32.905,4163.242048,2343.005952,2017-06-30 00:00:00,0.465285717053888,735.824,1780.85504,167.255008,280.65,127.398,234.422,127.398,1004.676992,516.534016,-184.948992,314.283008,32.19,2642.03104,-13.882,460.456992,4202.98496,-36.163692,36.163692,47.543,-2975.894016,5219.458992,1521.211008,200.648,-5.67,821.794976,57.690692,-24.136,5219.459072,-15.32,74.597,0.0452169492840152,91,-9.898,231.734,25.08,4483.634944,104.617,-36.802308,51.607,-20.951,-184.948992,57.690692,21.527,75.619,94.493,516.534016,7178.878976,-183.847992,260.568,516.534016,0.0231309058127478,-91.787,0.148,57.690692,0.2766773058361985,-29.202,2577.427952,5.79,25.08,-189.732,1521.211008,1605.22,21.527,76.720008,134.847008,124.79041525,-11.0,165.284,2642.03104
-10.506,4166.145088,2045.938048,2017-09-30 00:00:00,-0.5700962104849794,718.028992,1786.200064,68.415,175.965,50.2,438.233984,50.2,1011.294976,510.256,-193.48,361.574008,33.511,2644.594048,-23.244,385.416,4234.771968,-9.429396,9.429396,47.544,-3109.402112,5128.76608,1521.55104,273.921,5.675,761.387016,27.016396,-10.413,5128.765952,-9.541,-1.957,0.0623868273158906,92,3.054,200.433992,26.75,4410.73696,22.193,-12.677604,-10.186,-6.278,-193.48,27.016396,17.587,-4.379,39.694,510.256,7344.17408,-162.244,189.100992,510.256,0.0322321557137253,-23.379,0.08,27.016396,0.1302488739439981,-32.785,2484.172032,4.012,26.75,-172.0,1284.55104,1680.207008,17.587,26.856992,23.282,171.80845925,11.242,146.906,2644.594048
13.468,4045.795968,1573.389056,2017-12-31 00:00:00,-1.0799252161720028,764.956992,1789.974016,69.927,890.1830080000001,69.416,630.049984,69.416,1041.843968,480.047008,-177.744992,437.356992,62.212,2523.905024,-19.022,400.503008,3072.204032,-98.93728,98.93728,47.555,-2135.021056,4727.344064,1521.890944,351.312,0.008,355.498,54.49628,-26.33,4727.344128,-13.367,561.070016,0.0876176274839605,92,-77.208,293.061008,28.6,3962.387008,157.634016,-28.387722,-17.116,-30.209,-177.744992,54.49628,-44.441,1.368,82.884,480.047008,5207.224832,-95.011992,179.112992,480.047008,0.0452909015967887,-80.653,0.113,54.49628,0.1733220440631497,-32.389,2203.43904,4.106,28.6,-128.669,1217.890944,1764.219008,-44.441,84.101,801.867008,223.055728,33.878,133.602,2523.905024
-51.88,3928.747008,1621.394048,2018-03-31 00:00:00,1.582184493993528,1236.118016,1790.275968,82.161,156.031,218.092992,510.491008,218.092992,557.302976,964.928,-156.256992,465.106992,98.27,2406.515968,-18.613,473.227008,3146.252032,-7.1421920000000085,7.1421885,47.608,-2214.272,4538.401024,1522.23104,383.283992,0.0,403.163,124.373192,-37.792,4538.400768,-10.058,-4.185,0.1030865396692757,90,8.115,198.489,23.98,3302.28304,65.286,-41.839812,45.118,484.880992,-156.256992,124.373192,117.231,116.503,166.212992,964.928,5360.523776,490.288032,272.76,964.928,0.0538857723623828,-242.748992,0.27,124.373192,0.4608633664458982,-28.671,2131.885056,11.299,23.98,454.870016,1218.23104,1719.603008,117.231,763.048032,29.768,263.57656,-30.828,189.111,2406.515968
-13.959,3676.746048,1651.792,2018-06-30 00:00:00,-2.287867867867868,987.412992,1797.046016,108.942,183.80400000000003,77.513,590.744,77.513,781.577984,740.993984,-231.014,415.221992,50.3,2154.174016,-15.533,453.447008,3225.492992,-6.859260000000006,6.8592615,47.609,-2295.821056,4396.710016,1522.572032,352.344992,0.0,433.220008,49.29026,55.971,4396.709888,-60.171,102.064,0.1064075138658958,91,36.626,277.155,23.8,3409.296992,109.933,-14.263739,-33.3,-223.934,-231.014,49.29026,42.431,42.886,63.554,740.993984,5521.313792,-230.691,273.9,740.993984,0.0530723054183939,-239.656,0.196,49.29026,0.170941694690816,-75.704,2242.536,8.788,23.8,-258.178,1218.572032,1712.593024,42.431,43.209,32.408,255.176128,9.369,156.378,2154.174016
-10.81,3379.994976,1718.797952,2018-09-30 00:00:00,-1.665682656826568,619.864,1803.945984,82.638,192.942,150.396,366.097984,150.396,969.771008,316.076992,-260.232,515.417992,69.336,2094.146976,-20.724,545.172992,3366.236928,16.943111999999985,-16.94311,47.609,-2411.340032,4179.042912,1285.848,452.236992,0.0,499.95,105.393888,-0.33,4179.043072,-10.06,-32.684,0.1407773154560134,92,-39.563,288.177008,22.52,3559.178928,38.247,-34.192112,27.1,-424.916992,-260.232,105.393888,122.336,-18.04,139.586,316.076992,5777.57696,-231.575,242.192,316.076992,0.0716717799301508,-425.572992,0.276,105.393888,0.2758683981175648,-30.784,2084.895936,2.296,22.52,-241.536,1218.848,1872.350016,122.337,-226.383,33.76,333.55362,3.392,142.717,2094.146976
-83.077,3314.263072,1823.405952,2018-12-31 00:00:00,-0.7184841075794621,544.545024,1810.752,85.013,190.677992,342.153984,287.264,342.153984,1223.81696,2.287,-246.967008,788.156032,169.447,2088.159008,-15.113,716.300992,3463.606016,50.82075199999997,-50.820744,47.61,-2542.770944,4198.82896,1226.104064,628.428992,0.0,597.301992,224.223248,-46.063,4198.829056,-59.024,-16.798,0.2182330845835056,92,-184.24,287.264008,22.35,3654.284016,95.977,-34.853744,245.4,-313.790016,-246.967008,224.223248,275.044992,69.084,259.076992,2.287,6006.37696,-244.142008,316.051008,2.287,0.1127588429276883,-381.302016,0.58,224.223248,0.4776678907628819,-74.137,2110.669952,2.531,22.35,-248.539008,1226.104064,2188.147968,275.044,11.909,27.497,503.25248,-69.599,210.432992,2088.159008
32.398,3582.296008,1920.292992,2019-03-31 00:00:00,0.5457675617990455,680.190976,1810.539008,61.715,184.56,354.459008,240.315008,354.459008,946.467968,314.888992,-195.65,924.521992,127.289,2320.939008,-15.958,641.681024,3616.795904,-35.66836000000001,35.668368,47.678,-2625.807104,4481.547008,1261.357,849.073984,0.0,666.452976,298.43136,-20.029,4481.546752,-17.492,13.336,0.2865553493110623,90,114.441,231.493,26.1,3801.355904,115.825,-88.425632,252.067,312.601984,-195.65,298.43136,262.763008,389.636992,386.856992,314.888992,6242.603008,-193.304,585.286976,314.888992,0.1501868507545374,-77.553,0.651,298.43136,0.552391289040207,-33.45,2160.608,1.74,26.1,-195.132,1253.84,2356.602016,262.763008,384.982976,20.596,677.338756,40.895,483.566992,2320.939008
-62.962,3603.937872,1984.898944,2019-06-30 00:00:00,0.4845360824742266,631.329984,1816.882944,63.165,193.134,252.928992,234.026,252.928992,1017.740032,241.394,-225.85,1099.937984,187.975,2344.803936,-20.789,534.116992,3739.265024,35.59536799999998,-35.59536,47.688,-2715.610112,4563.72888,1259.133936,975.486992,-7.411,731.547008,145.413632,-23.678,4563.728896,-0.83,-34.309,0.3438390391116102,91,12.574,228.244,22.96,3932.399024,36.92,-44.55336,67.9,-73.495,-225.85,145.413632,181.008992,100.8,189.967008,241.394,6454.875136,-225.85,326.649984,241.394,0.1726393420333644,-171.75,0.336,145.413632,0.4735460503754203,-21.619,2218.924944,4.922,22.96,-228.395008,1253.351936,2437.272,181.008992,100.799984,26.996,773.462128,-48.395,541.480992,2344.803936
21.798,3470.971904,1934.304,2019-09-30 00:00:00,0.6192197347911536,421.679008,1823.266944,65.497,195.69,130.139,294.784992,130.139,1175.079936,82.316,-199.196,1079.680984,162.792,2213.575936,-18.391,429.111008,3825.295872,-27.668880000000016,27.668884,47.688,-2817.654016,4442.664928,1257.395968,987.837984,0.0,768.188024,118.02688,-17.79,4442.66496,-0.223,24.082,0.3649701413292759,92,7.533,203.505,17.57,4020.985872,62.094,-33.910116,44.267,-159.078,-199.196,118.02688,90.358,71.678,151.936992,82.316,6642.950144,-199.141,270.873984,82.316,0.1823525262238896,-227.863008,0.264,118.02688,0.3032758367270783,-18.614,2229.088992,4.064,17.57,-202.088992,1166.115968,2321.210016,90.358,71.732984,26.604,786.09512,31.492,631.198992,2213.575936
10.883,3407.31296,2007.724032,2019-12-31 00:00:00,0.2573614775725595,568.248,1830.114944,80.193,27.375,155.795008,328.033984,155.795008,1055.598976,200.227008,-167.672,950.963008,146.073,2151.486944,-15.692,461.368,3891.621888,31.44513599999999,-31.445136,47.688,-2890.912,4487.24496,1255.826016,895.436992,-0.001,842.022,115.494864,17.987,4487.2448,-9.159,-24.561,0.3195431805716969,92,-27.535,237.910008,17.41,3918.996888,37.136,-51.183136,75.8,131.467,-167.672,115.494864,146.94,95.308,166.678,200.227008,6782.534144,-167.473,262.98,200.227008,0.1559680443039511,-213.214,0.311,115.494864,0.3376805673562102,-24.851,2335.758016,16.247,17.41,81.701,1165.702016,2123.918976,146.94,95.507,27.375,677.374976,-43.769,657.422976,2151.486944
-30.339,3424.176992,1966.603008,2020-03-31 00:00:00,5.937654320987654,541.788992,1833.065984,85.72,24.26,86.33,387.176992,86.33,1052.940032,202.842,-148.702,625.193,185.882008,2168.394976,-17.126,386.456992,3956.125952,12.4319,-12.4319,47.753,-2932.621056,4522.174976,1255.782016,564.573,0.0,889.264032,41.4781,-49.551,4522.174976,-18.552,-28.416,0.1872943637066678,91,19.459,208.734,17.19,3980.385952,31.393,-14.5129,8.1,0.654,-148.702,41.4781,53.91,56.195,55.991,202.842,6888.747008,-148.654,204.896992,202.842,0.0933865991643406,-46.13,0.135,41.4781,0.223388376422492,-35.678,2353.78,13.246,17.19,-158.112992,1077.339008,1811.052992,53.91,56.242992,24.26,420.413476,-16.069,323.981,2168.394976
-39.142,3421.321056,1980.50304,2020-06-30 00:00:00,-0.5206292359426566,463.934016,1840.285056,89.157,26.496,53.957,381.388,53.957,1138.178048,117.164,-182.480992,426.221008,211.897008,2165.979072,-23.166,332.348,4037.44,18.765215,-18.765214,47.754,-3017.78304,4527.870112,1255.341984,389.420992,0.0,903.826032,11.608785,-14.112,4527.869952,-4.579,-7.835,0.1270771076736307,91,3.532,202.722992,17.18,4063.936,7.908,-3.206215,-96.053,-85.695,-182.480992,11.608785,30.374,-46.045,14.815,117.164,7055.222784,-182.253992,136.436,117.164,0.0630491146368714,-39.877,0.022,11.608785,0.1623509092878549,-27.745,2361.89104,15.918,17.18,-182.254,1076.676992,1609.284,30.374,-45.817992,26.496,286.608629,-24.599,177.136,2165.979072
41.913,3314.821024,1914.88896,2020-09-30 00:00:00,-1.4212782721542454,322.552,1847.756032,95.761,27.352,-7.564,385.928,-7.564,1196.162944,0.17,-147.239008,288.518008,171.752008,2118.488032,-24.262,291.040992,4069.401088,-43.479892,43.479892,47.754,-3115.475968,4419.304992,1196.332992,271.833,0.0,910.583024,28.518892,10.888,4419.30496,-3.9,44.121,0.0909961821690256,92,-4.914,182.273,17.36,4096.753088,49.286,-5.830109,43.152,-116.994,-147.239008,28.518892,-14.961,-18.179,34.349,0.17,7184.877056,-147.179008,129.06,0.17,0.0444823538737536,-98.875,0.065,28.518892,-0.0259894661161682,-28.162,2300.81696,14.937,17.36,-147.179008,1004.305984,1471.213984,-14.961,-77.119008,27.352,197.100641,56.302,87.279,2118.488032
-11.039,3383.249952,1917.598976,2020-12-31 00:00:00,0.9752827223656416,415.715008,1852.13696,106.558,29.47,121.312,390.225984,121.312,1027.430016,140.112992,-97.425,269.804992,46.07,2215.706944,-17.313,414.846016,4078.347008,32.11047199999999,-32.110472,47.783,-3166.394112,4523.531904,1167.543008,215.452,0.0,942.047008,99.095528,146.392992,4523.531776,-11.971,-19.577,0.0827641971640348,92,67.86,198.234992,16.28,4107.817008,12.279,-11.177472,106.525,139.943008,-97.425,99.095528,131.206,210.416992,110.273,140.112992,7244.74112,-96.932,307.841984,140.112992,0.0401127797311839,-70.967,0.213,99.095528,0.2924265759370339,-29.284,2307.82496,13.69,16.28,-96.932,975.552,1440.438016,131.206,182.909984,29.47,180.723648,-0.058,202.388,2215.706944
4.212,3384.699984,1929.789952,2021-03-31 00:00:00,0.2333282200202464,411.915008,1856.070016,103.634,30.784,177.743008,315.092,177.743008,905.070976,173.659008,-123.617,345.448008,24.8,2305.970016,-17.504,459.68,4108.153088,0.0,14.612236,47.838,-3257.03808,4550.851968,1078.729968,341.392008,0.0,954.970016,140.96624,27.75,4550.852096,-11.902,2.547,0.125242102372186,90,44.031,211.181992,18.78,4138.937088,25.994,-40.988764,135.333,33.546,-123.617,140.96624,126.354,166.910008,181.955008,173.659008,7365.191168,-123.525,290.527008,173.659008,0.0617631674140341,-133.456,0.368,140.96624,0.3866668290985033,-29.406,2244.881952,12.667,18.78,-123.525,974.819968,1497.915008,126.354,79.00199999999998,30.784,280.189445,16.589,313.102992,2305.970016
74.17,3378.097016,1931.987968,2021-06-30 00:00:00,-0.6085046066619418,396.065984,1863.632,102.816,31.708,60.064,378.684,60.064,920.054976,158.147008,-151.322,351.555008,38.389,2299.895008,-23.037,324.667008,4182.79296,0.0,71.637544,47.862,-3348.367104,4610.566976,1078.202008,460.811008,0.0,957.737008,102.101544,-58.858,4610.567168,3.808,96.219,0.166006562986803,91,-45.24,197.534,17.46,4214.50096,102.169,-32.132458,70.55,-16.323,-151.322,102.101544,30.464,27.620000000000005,134.234,158.147008,7531.160064,-151.302,178.942,158.147008,0.0811259516550681,-43.963,0.279,102.101544,0.1850018588892161,-19.229,2310.671968,15.965,17.46,-151.302,974.251008,1490.234016,30.464,27.640000000000004,31.708,370.682204,86.728,386.767992,2299.895008
