Non-Operating Income (Loss),StockBased Compensation,Line of Credit Available,Equity Charge,WACC Discount Factor,Other Accrued Liabilities,Operating Leases,Line of Credit,Total Current Liabilities,BALANCE SHEET,Total Liabilities & Equity,Operating Income,NonCash Items,Days in Period,Net Share Repurchases,"Cash, Cash Equivalents & STI",Misc LT Assets,Rental Expense - Years 2 - 5,"Selling, General & Admin",Revenue,ST Debt,-Net Share Repurchases,LTM Basic EPS,Rental Expense - Year 1,ST Capital Leases,Rental Expense Beyond Year 5,Dep & Amort,Work In Process,Total Liabilities / Tangible Assets,Current Liabilities,Other Adjustments,Free Cash Flow (LTM),Deferred Compensation,Other Operating Expenses,Free Cash Flow to Firm,ST Deferred Tax Assets,Cash (Repurchase) of Equity,Free Cash Flow to Equity,Deferred Tax Liabilities,Repayments of LT Debt,Other PostRet Benefits,Effect of Foreign Exchanges,Income (Loss) from Cont Ops,year + weight + convention,Free Cash Flow to Firm Model,Dividends,Net Extraordinary Losses (Gains),Net Cash From Disc Ops (fin),Period Weight,Pretax Income,LT Marketable Securities,ST Borrowings,Dividend Yield (LTM),Free Cash Flow per Share,LT Receivables,Prepaid Expenses,Cash % of Revenue,Diluted - Basic Shares,Diluted EPS,Operating Margin,Operating Expenses,Line of Credit Used,Interest & Dividends Payable,PP&E Gross,EBITDAR,A = L + SE,Inventories,Discontinued Operations NI,PV of Free Cash Flow to Firm,Pensions,Raw Materials,Other Non-Op Income (Loss),Bull,Discounted Residual Income (Bear)
-3.623,199.381,144.264992,2011-03-31 00:00:00,0.0,66.153,322.855008,37.304,19.115,5.789,25.069,5.789,52.479,54.482,-18.17,20.161,1.247,92.42,-4.224,25.449,176.486,-0.7233499999999999,-1.23565,0.391,-1165.684992,261.753992,106.961,6.716,0.0,37.304,2.92835,0.677,261.754,-0.615,-4.033,0.1525896296878685,90,0.567,19.727,77.69999999999999,195.601,-1.275,0.66535,0.0,37.046,-18.17,2.92835,4.164,-4.713,2.166,54.482,1342.171008,-15.383,13.457,54.482,0.0323416070922694,38.703,0.18,2.92835,0.0,-4.839,169.333992,1.247,77.69999999999999,-15.114,106.961,91.946,4.164,-36.988,8.901,7.76315,-0.131,-13.373,92.42
-2.332,224.961,143.587008,2011-06-30 00:00:00,0.0,74.356,323.332992,36.626,28.332,14.201,27.207,14.201,54.943,52.018,-23.848,28.899,3.314,118.0,-3.799,36.834,186.106,7.644549999999999,-2.43555,0.394,-1182.317056,288.794008,106.961,16.209,0.0,36.626,17.44145,1.249,288.793984,-0.583,-15.695,0.3451808066708973,91,-6.55,25.069,70.19999999999999,214.438,-9.028,5.28345,0.0,-2.464,-23.848,17.44145,19.877,-6.347,11.869,52.018,1368.42304,-20.218,17.501,52.018,0.0914087746728198,0.0,1.475,17.44145,0.0,-4.382,170.794008,1.61,70.19999999999999,-19.965,106.961,107.211,19.877,-2.717,16.876,22.85425,0.366,-25.043,118.0
-2.534,242.458008,141.614,2011-09-30 00:00:00,-8.904831625183014,74.102,324.087008,34.653,27.775,10.524,25.707,10.524,58.727,48.234,-32.37,34.629,10.082,135.497008,-3.464,33.55,200.940992,8.470249999999998,-0.13325,0.394,-1195.371008,302.818008,106.961,22.601,0.0,34.653,8.27275,4.445,302.817984,-0.569,-4.198,0.3888842647641697,92,7.074,24.335,38.7,228.715992,-1.805,0.07175,0.683,-3.784,-32.37,8.27275,8.404,-5.399,7.99,48.234,1396.312064,-31.228,26.971,48.234,0.1139469063892909,0.0,1.571,8.27275,0.0,-4.033,167.321,1.744,38.7,-30.755,106.961,120.276,8.406,-4.257,15.361,29.43465,0.188,-19.052,135.497008
-2.143,326.547,141.188,2011-12-31 00:00:00,-3.779650812763396,63.076,324.868,15.843,90.719,9.108,27.317,9.108,81.55,43.795,-25.855,39.622,4.1,201.202,-5.149,31.811,215.912,10.878152,-0.95615,0.394,-1208.331008,369.707,125.345,29.108,35.062,15.843,72.992848,-1.747,369.707008,-0.571,-66.972,0.9373868357510184,92,-0.201,26.057,49.7,306.631,-65.764,65.825848,1.661,-4.439,-25.855,72.992848,73.951,-4.617,6.965,43.795,1424.242944,-25.799,21.238,43.795,0.345940090492335,0.0,1.186,72.992848,0.0,-5.72,168.505,1.601,49.7,-25.677,125.345,127.644,73.949,-4.561,15.02,101.712096,0.662,-21.076,201.202
-2.272,323.285016,139.828,2012-03-31 00:00:00,0.0,29.456,325.646016,15.294,90.72,2.716,26.4,2.716,114.608,9.926,-45.481,36.549,0.994,198.751016,-5.031,29.294,244.803008,-1.4245,-0.0455,0.394,-1220.519936,364.979016,124.534,27.563,-0.002,15.294,0.4425,0.345,364.979008,-0.574,-1.285,0.66692283685269,91,-2.832,25.148,62.9,335.523008,0.208,-0.1195,0.0,-33.869,-45.481,0.4425,0.488,-35.131,0.444,9.926,1465.323008,-44.975,10.35,9.926,0.309842624405064,-0.002,0.5710000000000001,0.4425,0.0927152317880794,-5.605,166.228,0.527,62.9,-44.217,124.534,131.489,0.488,-34.625,17.11,97.0943,0.305,-51.494,198.751016
-2.227,329.437,137.396,2012-06-30 00:00:00,-0.5265783098190111,23.543,326.676,14.831,92.485,2.759,33.994,2.759,122.102,0.113,-27.057,25.107,6.183,207.222,-4.374,25.36,262.584,4.55915,-3.16615,0.395,-1232.364032,378.612,122.215,16.226,0.0,15.181,0.63285,4.474,378.612,-0.562,-6.286,0.4937285915466973,91,5.615,32.997,42.59999999999999,355.069,-4.513,0.09485,-21.051,-9.813,-27.057,0.63285,3.799,-9.966,0.532,0.113,1494.947968,-27.041,17.091,0.113,0.2405902911412913,-0.225,-0.15,0.63285,0.1087933753943217,-4.936,171.39,1.538,42.59999999999999,-26.679,122.215,120.015,3.799,-10.175,17.511,80.2857,0.157,-55.113,207.222
-2.372,356.911984,166.584992,2012-09-30 00:00:00,0.4550440251572327,21.5,327.289984,14.823,91.894,2.563,33.552,2.563,149.964992,1.485,-42.863,17.146,3.372,205.461984,-6.441,27.402,292.204992,-2.3067,1.0387,0.398,-1244.32896,405.598976,151.45,8.427,-0.016,15.135,-0.0663,0.39,405.599008,-0.574,1.411,0.4220252387419071,92,1.166,30.988,61.5,384.098992,1.554,-0.3133,-19.875,1.372,-42.863,-0.0663,-1.105,-28.919,0.191,1.485,1536.534016,-42.859,13.944,1.485,0.203119492650453,29.984,0.214,-0.0663,0.0935333187358587,-7.015,200.136992,1.359,61.5,-42.556,151.45,113.867,-1.105,1.085,17.205,71.94665,-0.237,-78.633,205.461984
-2.158,326.638984,133.725,2012-12-31 00:00:00,-1.3666513761467889,19.923,328.513984,12.941,88.729,3.863,38.477,3.863,119.529,1.139,-17.898,11.901,3.176,205.970984,-4.512,28.711,269.520992,-1.23515,0.95615,0.398,-1296.26496,378.172984,120.668,2.872,0.0,13.057,0.52115,-3.356,378.172992,-0.543,-2.85,0.0075162157615054,92,-2.979,36.016,47.0,358.249992,-0.719,-1.22985,21.8,-0.346,-17.898,0.52115,-0.435,-7.993,1.705,1.139,1565.785984,21.512,9.905,1.139,0.0040921003369524,-30.0,0.322,0.52115,0.1345477343178572,-5.055,172.202,1.502,47.0,19.749,120.668,110.767,-0.435,1.417,15.528,1.5302,-0.146,-82.009,205.970984
-1.47,343.065,150.472992,2013-03-31 00:00:00,-0.2067281105990784,18.559,329.539008,13.273,86.5,1.52,37.796,1.52,135.49,1.379,-30.089,10.705,2.156,206.196008,-3.739,23.163,289.406016,-0.6759999999999999,0.676,0.399,-1307.307008,394.465,136.868992,2.478,0.0,13.604,-0.124,1.015,394.464992,0.0,-0.477,0.0047596349294321,90,2.348,34.457,37.0,375.906016,-0.066,-0.195,-21.7,0.24,-30.089,-0.124,-0.8,-17.214,0.05,1.379,1596.71296,-29.975,12.875,1.379,0.0025379093126023,17.0,-0.289,-0.124,0.0656218969908906,-3.739,188.268992,0.645,37.0,-29.635,136.868992,104.636,-0.8,-0.1,13.698,0.9637,0.045,-64.092,206.196008
-1.493,385.587984,117.702,2013-06-30 00:00:00,0.0960209424083769,31.785,320.849984,8.611,85.56400000000001,1.65,46.966,1.65,95.647,13.406,-28.296,9.596,2.551,276.534984,-4.545,23.453,323.854016,0.837,-0.837,0.404,-1317.96096,441.202984,109.053,2.103,0.0,8.649,-0.079,-0.741,441.203008,0.0,-3.94,-0.0021153291169502,91,-1.285,40.637,33.7,409.418016,-3.123,-0.212,-19.1,12.027,-28.296,-0.759,0.758,-20.934,0.157,13.406,1641.81504,-27.021,7.362,13.406,0.0006144069028802,42.41,-0.582,-0.759,0.0703534729032533,-4.545,164.668,0.904,33.7,-37.745,109.053,102.729,0.758,45.611,13.298,0.25185,0.044,-75.06,276.534984
-1.138,401.832008,134.304,2013-09-30 00:00:00,-0.2181017695368724,26.002,321.819008,9.066,86.614,5.711,56.525,5.711,124.351,0.869,-42.682,12.744,5.061,276.612008,-5.826,30.163,354.824992,-0.0100000000000002,1.984,0.405,-1329.865984,467.441008,125.22,6.485,0.0,9.084,3.066,-1.641,467.440992,0.0,6.46,0.0036224586702346,92,-5.885,49.384,54.7,441.438992,7.517,-1.524,-35.433,-12.537,-42.682,1.092,1.082,-27.705,4.573,0.869,1684.690944,-42.682,14.977,0.869,0.0077525657472738,14.971,-0.321,1.092,0.1893379305771972,-5.826,190.829,1.738,54.7,-42.485,125.22,105.49,1.082,-12.679,18.604,3.38415,0.279,-73.846,276.612008
-1.508,354.841984,82.066,2013-12-31 00:00:00,-0.1347483588621444,29.564,323.009984,6.246,70.202,4.861,62.793,4.861,72.736,3.012,-58.657,13.742,5.966,279.093984,-6.424,27.161,324.187008,-0.6339999999999999,-1.34,0.404,-1420.611968,423.952984,75.748,8.133,0.0,6.318,1.924,4.39,423.952992,-0.229,-1.807,0.000787954213005,92,4.348,115.274,65.3,394.389008,0.778,-1.432,-45.7,2.143,-58.657,-0.049,3.264,-39.542,3.353,3.012,1744.798976,29.946,19.115,3.012,0.0119357809009712,-47.033,0.031,-0.049,0.178969846471043,-6.653,144.859,2.063,65.3,30.061,75.748,103.94,3.264,-77.972,12.437,4.787,0.117,-105.395,279.093984
-0.053,401.895,130.245,2014-03-31 00:00:00,0.4355172413793102,32.655,324.6096,8.889,61.021,5.883,78.421,5.883,119.573,1.742,-65.76,18.105,7.676,280.58,-9.614,32.41,395.569984,0.8360000000000001,1.138,0.405,-1432.212992,489.246,121.315,13.913,-1.729,8.93,3.001,5.862,489.246016,0.0,-1.248,0.0064291713444486,90,2.934,71.293,83.69999999999999,456.590984,4.572,-2.829,-31.9,-1.27,-65.76,1.027,1.863,-45.793,5.83,1.742,1827.78304,-63.534,19.967,1.742,0.0179063063113954,42.297,0.483,1.027,0.1815180499845727,-9.614,208.666,1.356,83.69999999999999,-63.534,121.315,113.187,1.863,0.4564,6.974,7.912,0.924,-133.974,280.58
-1.732,449.088984,181.466,2014-06-30 00:00:00,0.8801641025641026,35.767,323.851584,14.966,59.284,10.564,75.863,10.564,165.328,1.172,-61.459,27.019,7.644,282.588984,-9.509,38.856,444.867008,1.9959,-0.0229,0.408,-1444.16896,539.917984,166.5,22.588,-1.199,14.966,4.7171,-3.583,539.918016,0.0,4.822,0.0239969153787443,91,-5.923,61.028,116.5,504.151008,4.435,-4.1149,-24.375,-0.57,-61.459,2.7441,4.74,-45.829,8.832,1.172,1889.036032,-61.418,15.63,1.172,0.0259052648738266,45.218,1.407,2.7441,0.2718756434012765,-9.509,257.329,1.798,116.5,-61.418,166.5,128.59,4.74,0.629,8.863,12.7081,0.093,-158.869,282.588984
-2.144,518.250992,114.713,2014-09-30 00:00:00,0.6585304794091877,44.539,446.786592,11.348,65.67699999999999,11.2,61.762,11.2,95.307,7.193,-61.85,32.508,9.423,415.750992,-3.161,39.195,482.009984,8.672999999999998,-6.699,0.552,-1460.270976,592.225992,102.5,27.071,-0.14,12.213,5.502,1.972,592.225984,0.0,-13.471,0.0271302774210351,92,-0.776,50.491,88.1,547.686984,-5.842,-3.554,-23.967,6.021,-61.85,3.528,12.201,-39.75,9.056,7.193,1942.28096,-61.85,22.1,7.193,0.0285827535310489,56.4,1.071,3.528,0.2857507335119275,-3.161,176.475,1.26,88.1,-72.479,102.5,137.622,12.201,-105.724,18.556,15.1441,0.061,-170.914,415.750992
-4.453,755.310992,330.799008,2014-12-31 00:00:00,-0.9560199926667824,60.457,447.782592,9.223,53.616,14.297,98.812,14.297,320.608,0.968,-43.527,41.944,29.291,433.734992,-2.825,45.487,749.273024,6.7322,-12.6532,0.552,-1478.354944,863.346,321.576,32.687,-16.711,10.465,6.3088,9.176,863.345984,0.0,-21.268,0.0419291332594849,92,9.277,82.746,54.5,802.889024,-10.07,-3.5352,-155.457,-6.225,-43.527,4.3348,18.962,-6.837,9.844,0.968,2227.628032,-42.816,36.69,0.968,0.0303408926194935,212.155008,0.664,4.3348,0.3143095829577682,-2.825,429.611008,1.441,54.5,-255.07,321.576,155.948,18.962,222.804008,8.928,19.5289,0.312,-138.208992,433.734992
-4.814,824.551,340.681984,2015-03-31 00:00:00,1.3625534402747834,54.223,513.7696,3.682,68.418,5.877,89.804,5.877,334.856,2.144,-70.78,36.206,20.149,487.551,-11.991,40.734,795.395968,-8.64515,10.61915,0.659,-1496.454016,918.036984,337.0,23.063,-0.012,3.682,0.42215,0.097,918.036992,4.671,4.794,0.0174661876827366,90,-2.028,74.124,74.69999999999999,863.813968,-0.197,-0.64085,-27.367,1.176,-70.78,-1.55185,-10.197,-64.656,1.063,2.144,2291.849984,-70.508,6.124,2.144,0.0187940164484669,65.56,-0.131,-1.55185,0.1442775077330976,-7.32,430.485984,0.989,74.69999999999999,-70.508,337.0,158.54,-10.197,-64.358,21.18,13.22425,0.044,-157.072,487.551
-5.065,855.175992,381.553984,2015-06-30 00:00:00,1.4831603773584907,44.941,513.334592,6.554,67.093,11.426,83.262,11.426,372.972,2.028,-60.067,37.068,8.414,480.175992,-5.533,44.207,832.958016,-6.767,8.74,0.662,-1514.035968,944.991976,375.0,20.592,0.012,6.554,3.773,5.367,944.992,0.0,-3.296,0.0144994750080056,91,0.546,71.766,83.2,900.051016,-6.166,-2.588,-21.2,-16.55,-60.067,1.8,-4.967,-52.643,6.361,2.028,2346.99392,-60.013,7.424,2.028,0.0165399248003994,36.039,0.038,1.8,0.258465853824055,-5.533,464.815984,1.525,83.2,-60.013,375.0,163.891,-4.967,-16.562,20.596,12.28015,0.041,-163.886,480.175992
-5.511,766.081,406.563008,2015-09-30 00:00:00,-0.3085942221684999,59.48,514.018592,7.563,21.792,13.277,91.08,13.277,397.078016,1.922,-47.701,39.145,18.173,367.081,-4.202,44.105,783.452032,-114.88205,116.856048,0.663,-1618.027008,864.724008,399.0,19.302,0.0,7.563,5.05105,1.022,864.723968,-0.003,91.035,0.012590705275227,92,0.69,82.228,72.89999999999999,805.244032,137.07,-2.71495,-8.273,16.328,-47.701,3.07705,-111.805,-5.72,7.766,1.922,2401.478912,-47.679,41.981,1.922,0.0162383065852903,22.026,0.342,3.07705,0.3010316290669992,-4.205,497.643008,1.41,72.89999999999999,-47.679,399.0,168.801,-111.805,16.328,19.589,11.8292,0.092,-129.856,367.081
-5.523,691.323016,337.959008,2015-12-31 00:00:00,0.6085872576177285,62.252,624.839616,9.394,7.256,11.971,87.877,11.971,327.340992,1.224,-48.744,37.868,21.404,362.758024,-6.18,43.481,719.086016,-115.80255,117.776552,0.801,-1756.018048,788.594032,328.564992,16.955,0.0,9.394,4.60655,1.495,788.593984,0.0,122.652,0.0091561483472731,92,4.012,76.959,83.39999999999999,726.342016,123.173,-1.84145,-10.83,-0.698,-48.744,2.63255,-113.17,-17.421,6.448,1.224,2475.104,-48.715,31.323,1.224,0.0130979941275928,48.939,0.27,2.63255,0.2753156551137278,-6.18,425.836008,1.461,83.39999999999999,-80.96,328.564992,172.512,-113.17,-78.366,7.256,10.81855,0.021,-140.44,362.758024
-5.458,704.608008,299.984,2016-03-31 00:00:00,2.560201356071502,59.66,726.560576,7.32,7.04,7.994,73.734,7.994,279.551008,9.511,-50.775,44.668,16.466,415.545992,-5.562,38.414,722.563968,-26.593,28.417,0.961,-1806.509056,789.263992,289.062016,23.111,0.0,10.922,-12.692,-0.137,789.264,0.221,34.904,-0.0186538326821069,91,5.804,68.415,88.49999999999999,729.603968,35.296,-15.228,-9.734,8.287,-50.775,-14.516,-41.109,-34.655,2.536,9.511,2529.072896,-50.775,16.12,9.511,0.0008652252923894,53.125,-0.339,-14.516,0.2081012130993908,-5.341,373.718,0.881,88.49999999999999,-60.958,289.062016,170.207,-41.109,-82.479,7.04,0.7386,0.033,-110.439,415.545992
-4.084,987.876008,342.463008,2016-06-30 00:00:00,-3.7375328083989503,51.97,1041.251584,6.591,6.872,16.409,94.81,16.409,329.352,0.207,-24.505,49.651,7.303,658.317,-6.298923,49.162,1036.748032,-51.75189999999999,53.5749,1.311,-1883.805952,1095.590008,329.559008,29.075,0.0,12.904,-16.5221,3.945,1095.590016,-7.692308044433593e-05,82.86,-0.0550406441450279,91,-6.832,78.218,112.3,1043.620032,81.607,-28.8471,1.143,-9.304,-24.505,-18.3451,-70.097,-3.129,12.325,0.207,2920.553984,-0.874,21.376,0.207,-0.0191675706701905,244.035008,0.383,-18.3451,0.3337740531304666,-6.299,437.273008,1.766,112.3,-274.715008,329.559008,175.162,-70.097,58.679,6.812,-19.5565,0.096,-60.925,658.317
-0.709,1390.803944,302.283008,2016-09-30 00:00:00,-1.3528488199861757,387.271008,1464.33856,4.412,40.946000000000005,21.198,124.602,21.198,-35.8,325.884992,-48.126,57.572,5.214,1100.718952,-7.891,60.018,1099.387008,10.1136,-8.2896,1.61,-1901.101952,1527.60396,290.084992,41.798,-0.64,12.198,12.8494,15.756,1527.603968,0.0,-31.173,-0.0291862220781091,92,4.148,104.976,157.0,1140.333008,-30.627,-7.6396,101.27,325.678016,-48.126,11.0254,21.139,-35.733,20.489,325.884992,3000.48896,-48.126,12.393,325.884992,-0.0098298814498314,379.444,0.6990000000000001,11.0254,0.3531940417874638,-7.891,426.885008,1.712,157.0,-66.159,290.084992,191.075,21.139,-77.557,8.189,-11.75815,0.122,-90.938,1100.718952
-1.031,2123.621032,402.635008,2016-12-31 00:00:00,-1.0485184721067202,725.126016,2100.591616,12.298,52.946,24.51,131.55,24.51,-262.774,652.993024,-66.626,70.111,2.35,1733.402024,-6.562,71.16,1489.515008,-15.09995,16.92395,2.01,-1947.67296,2267.587032,390.219008,58.877,-12.36,12.416,15.17795,4.938,2267.587072,0.0,55.726,-0.001183377629347,92,-8.673,101.634,153.7,1542.461008,58.792,-8.30105,-87.781,327.108,-66.626,13.35395,-1.746,4.259,23.479,652.993024,3437.188096,-65.695,70.885,652.993024,0.0040210968443356,720.678016,0.96,13.35395,0.3444350758853289,-6.562,534.185008,2.247,153.7,-464.455008,390.219008,218.754,-1.746,103.366,6.808,6.1446,0.338,-69.258,1733.402024
0.043,2170.569064,400.136992,2017-03-31 00:00:00,-0.9602708776980114,115.996,2102.321664,9.045,9.698,30.208,155.408992,30.208,355.263008,35.273,-66.154,92.325,4.764,1780.033064,-5.206,78.872,2209.884928,26.2165,-24.3925,2.011,-1972.091008,2335.579048,390.536,86.544,-0.079,9.601,22.7365,10.479,2335.57888,0.0,-27.186,0.0262935619680146,90,6.413,143.366,131.6,2219.582928,-25.79,-7.5145,-339.046,-617.72,-66.154,20.9125,47.129,-13.47,30.251,35.273,4181.976064,-66.154,52.684,35.273,0.0219158218924594,-1.903,1.005,20.9125,0.383000304290496,-5.206,555.545984,1.671,131.6,-668.500992,390.536,259.212,47.129,-15.294,6.759,34.24175,0.708,-83.688,1780.033064
-0.525,2411.034952,603.892992,2017-06-30 00:00:00,-0.4868677856465733,228.57,2106.632576,7.393,13.08,25.849,161.874,25.849,455.988992,139.148992,-79.936,101.765,11.786,1815.896968,-6.43,82.016,2340.01408,18.470550000000003,-16.64655,2.018,-1998.294016,2581.66396,595.137984,99.543,-7.739,8.755,16.74345,-5.097,2581.664,-6.351,-13.374,0.0517208300541723,91,-8.841,154.214,106.1,2353.09408,-8.186,-8.58055,-71.732,103.876,-79.936,14.91945,33.39,-36.808,25.324,139.148992,4338.308096,-79.936,43.128,139.148992,0.0367161472698219,198.688,1.187,14.91945,0.3151702106905969,-12.781,765.766992,2.545,106.1,-137.94,595.137984,292.066,33.39,169.618,9.276,67.5073,0.064,-117.367,1815.896968
0.054,2427.979976,603.126016,2017-09-30 00:00:00,-0.0444008584544975,149.498,2108.343552,6.194,15.169,30.417,178.092,30.417,533.505984,61.609,-121.128,110.984,5.916,1832.864968,-7.259,83.4,2449.415936,-0.661249999999999,2.48525,2.018,-2026.80896,2614.082984,595.115008,109.525,-0.466,8.011,19.56625,1.816,2614.083072,0.0,8.746,0.048016939564624,92,-2.522,165.713,112.4,2464.584936,10.202,-10.90475,-70.359,-77.54,-121.128,17.74225,17.081,-67.235,30.471,61.609,4476.225024,-121.128,53.893,61.609,0.0358424715740955,-2.29,1.018,17.74225,0.3647122302158273,-7.259,781.218016,2.583,112.4,-129.143,595.115008,315.448,17.081,-69.059,14.048,74.22415,0.498,-148.869,1832.864968
-52.491,2476.161928,631.556992,2017-12-31 00:00:00,1.1001130729755588,144.86,2110.444544,8.62,14.584,49.414,205.772992,49.414,592.201024,27.995,-152.620992,135.888992,2.545,1855.96596,-8.173,113.713,2533.851904,-6.743200000000002,8.5662,2.018,-2084.094976,2693.295944,620.195968,82.969,-0.028,11.361,31.3902,23.857,2693.296128,0.0,27.143,0.0274982829661553,92,-8.49,172.113,121.5,2548.435904,28.63,34.4672,-34.491,-33.614,-152.620992,29.5672,22.824,-72.435,-3.077,27.995,4617.947136,-132.095992,80.186,27.995,0.0220282549687926,23.148,1.52,29.5672,0.4345501393859981,-8.173,837.329984,2.139,121.5,-136.948,620.195968,358.000992,22.824,-28.732992,14.532,54.6398,-52.03,-189.948,1855.96596
-0.249,2581.518056,685.84,2018-03-31 00:00:00,-0.6056567573700823,147.172,2111.685632,10.574,13.52,53.075,238.535008,53.075,651.900992,18.473,-111.33,158.755,6.288,1911.14404,-8.769,118.981,2674.827008,16.287079999999996,-14.46308,2.019,-2119.598976,2835.519048,670.374016,105.544,-0.56,15.466,41.29792,12.999,2835.518976,0.0,-6.17,0.0573736088013373,90,4.932,205.758008,132.4,2688.347008,-4.544,-11.52808,-48.473,-9.522,-111.33,39.47392,55.761,-19.115,52.826,18.473,4794.425856,-111.33,92.215,18.473,0.0421565489709425,47.616,1.952,39.47392,0.4460796261587985,-8.769,924.375008,2.078,132.4,-149.352992,670.374016,398.11,55.761,29.061,13.494,108.99782,0.211,-195.593,1911.14404
0.109,3238.067136,1012.372992,2018-06-30 00:00:00,0.178387216648086,640.368,2349.44512,10.347,45.289,61.187,245.344992,61.187,479.312992,509.145984,-187.04,194.093,19.258,2249.608128,-8.289,129.095,2821.66912,4.218071999999999,-2.39407,2.275,-2158.224896,3507.326112,988.459008,141.516,-9.692,23.914,48.079928,-1.488,3507.325952,0.0,6.836,0.0687975763813918,91,8.959,205.331992,107.4,2866.95812,8.944,-13.21607,-67.275,490.672992,-187.04,46.255928,50.474,-79.276,61.296,509.145984,4979.89376,-183.963,107.764,509.145984,0.0460944422987282,601.841024,2.151,46.255928,0.4739687826794221,-8.289,1257.717984,7.689,107.4,-218.932,988.459008,445.189,50.474,299.0296,42.964,140.334298,0.703,-238.061,2249.608128
0.946,3341.83604,1087.296,2018-09-30 00:00:00,-0.8839353035551298,188.975008,2404.091648,14.411,15.371,65.007,333.132,65.007,1041.398976,12.129,-156.982,228.683,8.093,2288.30804,-9.721,151.975008,3504.389888,-10.816252000000006,12.639254,2.276,-2208.066048,3708.73604,1053.528,176.998,-1.512,33.768,50.570252,51.626,3708.736,0.0,31.071,0.0825322361941214,92,-5.138,279.079,119.9,3519.760888,34.266,-15.382746,-352.786,-497.016992,-156.982,48.747252,37.931,-40.946,65.953,12.129,5712.456192,-151.733,116.036,12.129,0.0541968062185284,61.672,1.964,48.747252,0.4277479623491778,-9.721,1420.428,3.804,119.9,-674.724992,1053.528,513.764008,37.931,-24.5726,15.371,171.3383,1.657,-211.772,2288.30804
210.614,3634.680984,1219.04896,2018-12-31 00:00:00,-0.8691325572662412,222.624992,2354.56896,12.572,15.789,58.072,314.916,58.072,1173.421952,16.051,-155.820992,237.340992,74.854,2445.20796,-8.514,160.300992,3740.75904,-96.617936,98.441936,2.276,-2270.674944,3979.17292,1189.473024,389.224992,0.53,29.576,254.635936,3.574,3979.17312,0.0,-112.933,0.1602856164031616,92,40.607,285.849,64.89999999999999,3756.54804,-105.463,-14.050063,-31.956,3.922,-155.820992,252.811936,156.194,-4.182,268.686016,16.051,6011.433984,-155.137992,151.639008,16.051,0.100754026584912,133.33,2.023,252.811936,0.3622685004968653,-8.514,1533.96496,9.74,64.89999999999999,-281.047008,1189.473024,560.352,156.194,181.729616,15.789,336.139072,211.348992,-143.519008,2445.20796
-0.771,3789.197048,1356.451968,2019-03-31 00:00:00,0.5876575588085745,170.998,2411.2256,13.436,15.846,43.049,323.936992,43.049,1350.269952,10.482,-193.211008,227.315,23.406,2428.445,-14.777,153.047008,3921.989888,-51.082446,52.906444,2.279,-2333.588992,4108.83396,1360.752048,438.213016,-1.025,24.834,33.363446,-28.297,4108.834048,-0.157,67.721,0.1809166526170014,90,-33.687,256.91,75.5,3937.835888,67.117,-8.914554,-74.734,-5.569,-193.211008,31.539446,-19.543,-118.652,42.278,10.482,6255.579136,-179.332008,74.559,10.482,0.111356539814068,127.151,1.671,31.539446,0.2812795922152232,-14.934,1680.38896,12.034,75.5,-207.279008,1331.618048,594.418008,-19.543,-28.649608,15.461,386.649562,-0.033,-243.056,2428.445
-0.674,3610.952912,1139.692032,2019-06-30 00:00:00,-1.1814470087540223,138.096,2361.24288,11.983,26.635,57.373,291.932992,57.373,1111.028992,16.052,-166.219008,223.544,29.005,2483.87188,-10.564,165.895008,3750.76608,13.809207999999998,-11.986208,2.283,-2399.88608,3915.496904,1127.081032,433.773016,-0.869,36.752,43.193792,-14.058,3915.49696,-0.914,-17.525,0.1670992520683054,91,30.013,244.147,65.89999999999999,3777.40108,0.92,-13.505208,86.703,5.57,-166.219008,41.370792,55.18,-15.732,56.699,16.052,6150.651904,94.197984,150.487008,16.052,0.1028953762005093,-227.692,1.802,41.370792,0.3458392189836116,-11.478,1431.625024,15.841,65.89999999999999,82.775,1102.940032,630.928,55.18,69.914592,14.956,381.887078,0.067,-179.512,2483.87188
-0.617,3683.49704,1247.260032,2019-09-30 00:00:00,-0.036470588235294,165.372992,2350.895616,10.031,23.867,59.485,301.011008,59.485,1203.536,11.309,-143.995008,218.022,39.944,2468.652016,-9.388,156.388992,3827.683072,21.584632,-12.93063,2.284,-2458.025984,4016.923056,1214.845024,426.688016,-73.328,51.611,42.903368,24.145,4016.92288,-0.013,-21.784,0.1561874204800887,92,3.064,269.140992,43.4,3851.550072,-2.313,-15.96463,-31.45,-4.743,-143.995008,34.249368,55.834,-30.303,58.868,11.309,6285.7088,-138.339008,113.692,11.309,0.0968772242763066,21.322,1.753,34.249368,0.3803656461958652,-9.401,1548.27104,14.912,43.4,-139.756992,1195.649024,635.341984,55.834,17.950392,12.658,374.220194,0.122,-168.869,2468.652016
-0.491,6490.696984,3319.282944,2019-12-31 00:00:00,-1.0019618644067796,268.673984,3129.094656,63.391,157.885,83.321,652.246976,83.321,3254.048,13.341,-137.115008,243.142,45.87,3223.308056,-13.626,192.742,6768.27904,-79.40755999999999,79.40756,3.966,-31.949,7194.837976,3267.388928,240.703008,-22.47,96.086,55.86456,100.482,7194.838016,-0.271,41.771,0.0588138467103727,92,47.811,510.288,48.3,6926.164032,49.527,-26.96544,-236.0,2.032,-137.115008,55.86456,-23.543,0.463,82.83,13.341,6800.22784,-122.650008,137.578,13.341,0.0309957808153736,-11.418,2.109,55.86456,0.4322929096927499,-13.897,3971.52992,19.814,48.3,-124.128,3223.196928,667.782976,-23.543,25.980024,32.949,173.1736,0.198,-164.224,3223.308056
5.91,6768.173928,3353.289984,2020-03-31 00:00:00,-0.7293140495867768,356.751008,3205.071872,62.375,88.745,63.69,583.768,63.69,3310.470912,14.8,-224.448,263.869,248.944992,3442.90288,-8.325,289.919008,6934.465024,166.700212,-166.700208,3.967,-32.892,7379.960864,3325.271048,267.997,-0.87,66.632,49.864788,-84.469,7379.960832,-14.378,-255.560992,0.0625515635304997,91,31.404,524.399008,5.479,7023.210024,-187.736992,-19.735212,-121.0,1.459,-224.448,49.864788,216.564992,-32.753,69.6,14.8,6967.356928,-214.208,191.695008,14.8,0.0333936692235556,64.13,1.051,49.864788,0.2196820430621782,-22.703,3937.057984,24.28,5.479,-254.366,3286.658048,804.945008,216.564992,-30.4602,35.512,191.826508,26.388,-78.325,3442.90288
59.369044,5287.66088,3451.062016,2020-06-30 00:00:00,-9.551353911739165,163.73,3208.283904,60.925,37.217,-77.091,477.687008,-77.091,3398.777088,7.5,-206.120992,129.405,60.391,1881.383936,-10.024,157.234,5609.185792,-1559.294231,1559.294208,3.974,-35.439,5810.13296,3406.276944,193.576042,-5.811,69.603,-5.436769,-34.006,5810.132992,-24.172,1508.148992,0.0634593537929127,91,-36.839,405.132992,11.5,5646.402792,1560.440992,12.285189,12.667,-7.3,-206.120992,-5.436769,-1564.731008,-108.32,-17.721958,7.5,5644.624896,-206.120992,97.801,7.5,0.0294471304597709,94.189,-0.469,-5.436769,-0.4902947199715073,-34.196,3928.749024,28.828,11.5,-199.29,3381.458944,796.284,-1564.731008,-8.319992,35.531,143.195947,82.05104,-170.913,1881.383936
-29.179,4443.061944,3315.836928,2020-09-30 00:00:00,-1.0250169491525425,159.906,3211.387904,60.953,40.322,57.714,417.4,57.714,3228.457984,10.5,-137.176992,127.634,36.87,1204.103936,-8.224,290.025984,4737.113088,-703.1983280000001,703.198336,0.397,-33.445,4937.340864,3238.958008,163.243042,-0.329,96.658,22.814328,3.94,4937.340928,-26.625,713.388992,0.0683963634297183,92,-12.99,332.657992,4.82,4777.435088,714.873992,-5.7206715,59.0,3.0,-137.176992,22.814328,-680.384,-1.476,28.535,10.5,4770.557952,2.562016,135.700992,10.5,0.0274968237790833,-136.69,0.001,22.814328,0.1989959630651576,-34.849,3733.236928,27.049,4.82,3.989,3219.179008,929.920992,-680.384,-22.007008,39.001,123.106907,-4.496,-142.086,1204.103936
-37.556,3721.016792,3154.757888,2020-12-31 00:00:00,1.769891053152856,178.368992,3223.356928,69.872,41.373000000000005,74.558,497.108,74.558,2989.778944,20.236,-109.408,214.140992,25.024,711.001856,-10.614,295.968,4143.126016,-541.2891599999999,541.289152,0.398,-5567.450112,4362.867744,3010.014936,113.815,-4.626,157.918,36.21816,15.758,4362.868224,-22.778,544.414976,0.0517224061142488,92,-4.582,182.603,13.16,4184.499016,548.193976,-0.7838390625,9.087,9.736,-109.408,36.21816,-505.071008,25.17,37.002,20.236,9710.575616,-80.256,134.578,20.236,0.0172801554091065,-44.626,0.482,36.21816,0.2519123689047464,-33.392,3651.865888,24.103,13.16,-80.216,2996.839936,1132.017024,-505.071008,14.322,39.557,99.85948,-11.07,-117.379,711.001856
-82.461,3705.2608,3036.79488,2021-03-31 00:00:00,4.418468759524537,236.355008,3360.783872,98.156,59.969,153.376,672.049024,153.376,2912.889088,24.35,-102.109,208.557,32.878,768.02176,-16.799,359.880992,4180.541952,0.0,146.9964,0.462,-28.953,4476.865664,2937.23904,118.730042,-0.037,99.556,66.589408,9.326,4476.866048,-18.91,175.834,0.0570825308742953,90,-36.357,374.749,38.55,4240.510952,183.442,-4.3255925,6.562,4.114,-102.109,66.589408,-80.407,35.55599200000002,70.915,24.35,4209.49504,-102.109,137.664992,24.35,0.0202727303377815,-35.037,0.945,66.589408,0.4261853318443671,-35.709,3708.843904,27.382,38.55,-98.514,2937.23904,1103.108976,-80.407,0.5559999999999974,59.53,120.185127,-58.045,-49.07,768.02176
-127.909,3622.441984,2975.30496,2021-06-30 00:00:00,-3.6267041286863257,243.863008,3361.744896,101.947,54.114,206.071008,813.804032,206.071008,2861.353984,3.8,-151.108992,491.719008,81.402,757.287936,-11.065,440.399008,4248.420096,0.0,73.443272,0.463,-29.453,4546.396928,2865.154048,214.614,-2.28,110.151,61.748276,9.965,4546.397184,-22.468,110.6,0.1420185396848763,91,-11.709,194.622,57.69,4302.534096,115.879,-16.413725,-9.325,-20.55,-151.108992,61.748276,-11.695,24.494015999999988,78.162,3.8,4277.872896,-119.497992,175.603008,3.8,0.0361839667950193,-77.28,1.483,61.748276,0.4679188741496893,-33.533,3789.108992,66.461,57.69,-118.873,2865.154048,1386.273984,-11.695,-18.895,54.114,187.370172,-103.275,83.744,757.287936
