Non-Operating Income (Loss),StockBased Compensation,Line of Credit Available,Equity Charge,WACC Discount Factor,Other Accrued Liabilities,Operating Leases,Line of Credit,Total Current Liabilities,BALANCE SHEET,Total Liabilities & Equity,Operating Income,NonCash Items,Days in Period,Net Share Repurchases,"Cash, Cash Equivalents & STI",Misc LT Assets,Rental Expense - Years 2 - 5,"Selling, General & Admin",Revenue,ST Debt,-Net Share Repurchases,LTM Basic EPS,Rental Expense - Year 1,ST Capital Leases,Rental Expense Beyond Year 5,Dep & Amort,Work In Process,Total Liabilities / Tangible Assets,Current Liabilities,Other Adjustments,Free Cash Flow (LTM),Deferred Compensation,Other Operating Expenses,Free Cash Flow to Firm,ST Deferred Tax Assets,Cash (Repurchase) of Equity,Free Cash Flow to Equity,Deferred Tax Liabilities,Repayments of LT Debt,Other PostRet Benefits,Effect of Foreign Exchanges,Income (Loss) from Cont Ops,year + weight + convention,Free Cash Flow to Firm Model,Dividends,Net Extraordinary Losses (Gains),Net Cash From Disc Ops (fin),Period Weight,Pretax Income,LT Marketable Securities,ST Borrowings,Dividend Yield (LTM),Free Cash Flow per Share,LT Receivables,Prepaid Expenses,Cash % of Revenue,Diluted - Basic Shares,Diluted EPS,Operating Margin,Operating Expenses,Line of Credit Used,Interest & Dividends Payable,PP&E Gross,EBITDAR,A = L + SE,Inventories,Discontinued Operations NI,PV of Free Cash Flow to Firm,Pensions,Raw Materials,Other Non-Op Income (Loss),Bull,Discounted Residual Income (Bear)
-26.048,5102.455936,3478.260992,2011-03-31 00:00:00,0.0,615.436032,1718.322944,155.787008,317.058992,199.306,405.255008,199.306,1810.572032,138.628,-263.428,501.28,226.787008,3153.255936,-38.891,474.374016,6088.333824,-0.5160960000000046,-13.7189,0.0,-1847.092992,7036.771936,1949.2,388.974,0.0,1535.061,108.536096,0.0,7036.77184,-1.375,-73.563,0.0830727643030014,90,40.71,171.463008,27.1626658,6421.335832,1.151,-64.7219,0.0,138.628,-263.428,108.536096,122.255,-20.914,173.258,138.628,7935.427072,-32.903008,242.514,138.628,0.036364217583597,-85.011,0.552,108.536096,0.0,-40.266,3883.516,47.116,27.1626658,-18.875,1943.2,1403.73704,122.255,155.960992,138.49,247.21495,4.446,-535.992008,3153.255936
-29.828,5249.92304,3584.498944,2011-06-30 00:00:00,0.9068207065096644,799.385024,1725.398016,168.175008,271.437,153.214,472.035008,153.214,1934.142976,79.225,-281.483008,571.677,471.15,3236.555008,-40.936,366.935008,6222.26688,30.303951999999995,-9.45295,0.0,-1849.06304,7293.08896,2013.368032,461.05,0.0,1596.118968,78.301048,0.0,7293.088768,-0.298,9.122,0.0937684699626924,91,19.716,187.419008,28.58884184,6493.703872,49.214,-45.084952,-22.505,-59.403,-281.483008,78.301048,87.754,-42.913,123.386,79.225,8071.329792,-281.483008,238.57,79.225,0.041618855992613,-32.409,0.422,78.301048,0.0,-41.234,4056.533952,57.312,28.58884184,-265.564,1988.380032,1513.36904,87.754,-42.913008,132.203,292.728798,3.459,-474.738008,3236.555008
-29.405,5441.647928,3689.817088,2011-09-30 00:00:00,-1.7867722602739726,968.892992,1731.245952,169.751008,265.682,132.178,592.64,132.178,1668.99904,334.912,-347.646016,622.25,363.268992,3437.73696,-44.745,359.980992,6485.6192,168.5399,-118.823904,0.0,-1907.847936,7720.194048,2003.910968,513.155,0.0,1711.221032,60.0901,0.0,7720.194048,-0.814,-145.676,0.0986868063489774,92,44.528,252.03,29.04608912,6751.3012,-55.034,-42.6829,116.8,255.687008,-347.646016,60.0901,178.914,-91.895,102.773,334.912,8393.46688,41.827968,255.751008,334.912,0.0437757544128685,-41.892,0.428,60.0901,0.0,-45.559,4282.457088,49.732,29.04608912,41.828,1978.595968,1622.592032,178.914,288.121976,129.534,320.571948,3.098,-370.95,3437.73696
-31.496,6340.772032,4373.979136,2011-12-31 00:00:00,0.1562686626587569,1690.134016,1734.994048,179.819008,276.276,164.867008,804.910016,164.867008,1915.691008,831.251008,-371.479008,550.126016,551.344992,3593.830016,-47.722,434.435008,6806.308864,98.830904,-5.1259,0.0,-1962.403968,8772.719168,2746.942016,428.471008,-11.738,1846.352008,85.720096,22.812,8772.718592,-7.062,-38.536,0.0810220255251245,92,-24.446,256.756992,29.82449818,7082.584864,10.115,-47.6509,-175.81900000000002,496.339008,-371.479008,85.720096,90.846,-203.294,133.371,831.251008,8768.712704,-371.479008,168.184992,831.251008,0.0340631484517903,699.633024,0.531,85.720096,0.0,-54.784,5178.889152,39.184,29.82449818,-371.479008,2527.627008,1319.619968,90.846,540.705984,139.304,270.310784,6.19,-359.016,3593.830016
-36.571,6443.180992,4436.92288,2012-03-31 00:00:00,-0.6973022959183675,1604.630016,1743.51296,180.879008,279.102016,149.723008,715.932032,149.723008,1991.838976,745.208,-269.587008,599.982016,646.632976,3706.134016,-42.942,447.496992,6975.257088,65.209448,-2.32245,1743.51296,-2061.35104,8858.988928,2737.046976,468.666,0.0,1929.820048,69.712552,0.0,8858.988544,-1.828,-40.965,0.0849094155713047,91,35.91,200.788,26.24272782,7254.359104,6.654,-43.439448,-156.8,-86.043,-269.587008,69.712552,72.035,-47.463,113.152,745.208,9036.607488,-267.196008,222.124,745.208,0.0366403857336857,-40.971,0.599,69.712552,0.334578803157631,-44.77,5152.854912,37.986,26.24272782,-267.196,2507.102976,1602.352992,72.035,-54.604008,142.919008,291.213396,2.469,-385.565,3706.134016
-35.38,6382.69088,4405.553152,2012-06-30 00:00:00,0.0906900036649156,1213.553024,1754.883968,226.23,278.176008,82.194,696.609984,82.194,2221.645056,515.038016,-392.732992,528.962016,507.182008,3646.007936,-41.778,338.593984,7256.441856,-70.84649999999999,0.5135,0.0,-2167.507968,8748.171072,2736.682944,392.094,0.0,1898.813936,31.9595,0.0,8748.171264,-1.887,-7.095,0.0711571692093194,91,33.61,202.483008,29.19306146,7534.617856,15.578,-14.8545,-180.086,-230.17,-392.732992,31.9595,31.446,-196.418,46.814,515.038016,9423.949824,-391.377992,196.315008,515.038016,0.0305302510540339,-35.107,0.309,31.9595,0.2427509166849225,-43.665,5102.163136,39.595,29.19306146,-391.377984,2506.738944,1574.011968,31.446,-197.220984,145.955008,244.871848,5.249,-539.07,3646.007936
-37.472,6574.308192,4330.991104,2012-09-30 00:00:00,-0.4386464279315023,1227.92704,1773.570048,228.560992,277.333992,86.58,818.937984,86.58,2087.54304,638.993984,-361.183008,483.364016,364.866008,3847.771072,-51.481,364.688992,7492.43904,-98.49135,0.53235,0.0,-2288.585984,8997.70016,2726.53712,338.429,0.0,1827.657952,32.40535,0.0,8997.699584,-1.163,76.784,0.0620203639228476,92,7.33,246.756,32.116178,7769.773056,80.717,-11.87165,-195.335,123.956,-361.183008,32.40535,31.873,-109.652,49.108,638.993984,9781.024768,-360.087008,251.531008,638.993984,0.0259825912020732,232.512,0.31,32.40535,0.2374077690834167,-52.644,5149.929088,45.663,32.116178,-360.087008,2503.33312,1578.719968,36.704,-120.203,143.472992,217.187098,2.988,-556.827,3847.771072
-60.476,6414.975136,4390.596096,2012-12-31 00:00:00,1.091774519557072,852.844032,1770.545024,424.516992,1687.662016,125.37,570.464,125.37,2344.118016,182.055008,-351.836992,386.529984,435.365992,3888.802048,-50.614,405.137984,7059.411968,32.466750000000005,-0.73775,0.0,-2093.794944,8849.862144,2526.173088,217.28,-9.053,1887.627032,32.38525,-17.404,8849.861632,-5.492,-65.367,0.0372031557819911,92,-61.313,276.801984,32.10529116,7997.017984,-4.177,-24.32375,-107.557,-456.939008,-351.836992,32.38525,48.041,-224.984992,64.894,182.055008,9153.207296,-351.836992,126.852,182.055008,0.0151950107530405,-231.954,0.429,32.38525,0.3094501255157551,-56.106,4961.060096,131.129,32.10529116,-351.836992,2502.969088,1375.046016,41.308,-420.962992,807.238016,133.887648,1.969,-578.518016,3888.802048
-35.471,6432.68512,4376.090112,2013-03-31 00:00:00,-1.0074132730015084,657.084032,1780.966016,224.916,276.606008,145.222,499.358016,145.222,2345.324032,160.324992,-298.272,443.825,215.314008,3927.036064,-39.785,416.625984,7868.793856,-43.406952,0.48295,0.0,-2567.76192,8802.484192,2505.649056,275.026,-5.031,1876.65296,65.696952,-17.855,8802.484224,-3.73,12.119,0.0450283911097507,90,-6.916,271.007008,36.8791705,8145.399872,56.8,-35.028048,-132.6,-21.73,-298.272,65.696952,100.255,0.983,109.751,160.324992,10436.555776,-298.272,299.255008,160.324992,0.018723852101347,-22.713,0.531,65.696952,0.3485668335079168,-43.515,4875.448128,31.587,36.8791705,-298.272,2499.437056,1525.046944,74.24,-19.177992,148.755008,165.345402,2.281,-530.071992,3927.036064
-35.343,6662.511008,4456.646144,2013-06-30 00:00:00,4.122252818621083,577.408,1805.500032,237.654,276.035,167.264992,495.404,167.264992,2543.586048,16.7,-494.880992,528.895992,263.649008,4102.22496,-54.022,470.104992,8200.832,65.534752,3.43525,0.0,-2729.035008,9054.275104,2560.286048,360.134,-5.319,1957.571952,84.732248,17.855,9054.27456,1.335,-5.549,0.0584995831636012,91,1.77,271.027008,43.20442454000001,8476.867008,40.502,-39.927752,-38.494,-143.624992,-494.880992,84.732248,86.856,-197.176,131.922,16.7,10929.866752,-494.880992,297.704992,16.7,0.0245042902707164,53.551,0.5660000000000001,84.732248,0.3558034797469243,-52.687,4952.050144,33.51,43.20442454000001,-494.880992,2499.074048,1656.557952,88.559,-142.176,146.34,218.11815,2.041,-530.829992,4102.22496
-33.244,7237.202192,4406.246912,2013-09-30 00:00:00,-1.279713440305028,933.291008,1827.412992,239.968,272.797,164.571008,540.681984,164.571008,2077.981952,423.896992,-427.488992,606.887,247.117,4735.323072,-48.171,477.691008,8476.164096,-3.906551999999991,-1.62045,0.0,-2897.980928,9682.251968,2501.87912,442.353,-10.81,1910.530048,84.344552,39.503,9682.251776,-5.834,49.432,0.0722358141272096,92,96.567,306.2,48.29402224,8748.961088,10.677,-32.62845,201.424,407.196992,-427.488992,84.344552,88.256,-56.341,131.327,423.896992,11374.144512,-427.488992,371.148,423.896992,0.0289141386715045,463.537984,0.488,84.344552,0.3445135144767054,-54.005,4946.928896,44.115,48.29402224,-427.488992,2495.71712,1769.559968,100.319,-114.383992,145.612,270.057352,2.31,-477.518992,4735.323072
-29.388,7365.643792,4404.514816,2013-12-31 00:00:00,-16.06350683982684,1255.425024,1869.842944,240.238,202.866,177.100992,523.409984,177.100992,1655.874944,845.641024,-542.72,654.601984,154.347,4864.127872,-58.071,490.902016,8333.762048,24.64652799999999,-3.846527,1869.842944,-2728.374016,9792.052672,2501.51592,521.156,-11.621,1914.160992,58.086472,-47.751,9792.053248,14.806,-94.436,0.07821503944325,92,-120.249,330.328992,48.87102476,8536.628048,16.568,-73.025528,23.1,421.744,-542.72,58.086472,115.205,-347.967008,147.712992,845.641024,11062.135808,197.867008,194.752992,845.641024,0.0320489616997972,6.124,0.684,58.086472,0.3607664793130529,-43.265,4927.9248,46.7,48.87102476,220.867008,2490.35392,1859.17696,78.534,392.62,73.883,298.727008,2.61,-600.500992,4864.127872
-29.417,7622.48888,4473.418752,2014-03-31 00:00:00,-0.9800689527556756,1370.173056,1831.730944,259.862,199.888,355.119008,758.380992,355.119008,1698.178944,909.804032,-479.953984,845.891008,121.064,5014.505984,-48.968,661.625024,8676.245504,-20.736208000000005,-1.0868,0.0,-2876.431104,10246.305728,2607.982896,718.499016,-64.87,1986.521968,191.210208,0.0,10246.305792,-3.091,52.101,0.1043541459749065,90,-17.739,420.022016,52.78484374,8876.133504,149.296,-115.7498,-205.358,64.163,-479.953984,191.210208,192.192992,-4.093,325.702016,909.804032,11552.67584,-479.953984,475.860992,909.804032,0.0428190724615524,68.256,0.887,191.210208,0.5367375705547679,-52.059,5231.799744,41.243,52.78484374,-479.953984,2486.896896,2100.32304,211.039008,102.738008,76.148,407.82576,2.551,-605.577008,5014.505984
-29.294,8857.552192,4407.037952,2014-06-30 00:00:00,2.284018247265917,1964.177024,1861.468032,265.999008,74.224,203.55,948.964992,203.55,1210.610048,1274.26496,-671.822016,882.176016,441.216992,6029.933056,-63.283,534.171008,9347.534848,-3.425352000000004,-13.79365,0.0,-3024.600064,11385.936,2827.619136,760.833016,-14.705,1920.504992,95.251352,0.0,11385.935872,1.073,4.206,0.103452531843602,91,39.021,381.28,58.1901598,9421.758848,-17.602,-51.661648,-116.401,364.460992,-671.822016,95.251352,110.921,-382.263008,174.256,1274.26496,12372.134912,-664.378016,289.559008,1274.26496,0.0409335183110506,1082.023936,0.848,95.251352,0.3810577454626665,-62.21,5356.002944,374.808992,58.1901598,-1007.121984,2486.53312,2164.389056,136.388,-154.819008,74.224,418.344864,2.579,-790.664016,6029.933056
-34.713,9169.512888,4971.60704,2014-09-30 00:00:00,-0.7122547898514906,1859.218048,1880.849024,274.531008,77.367,199.276992,616.795008,199.276992,1484.184064,1171.517952,-454.531008,916.882,488.090992,6175.24992,-53.188,614.892032,9827.06688,38.977904,-20.9469,0.0,-3174.021888,11763.651968,2994.262968,794.070016,471.716992,1988.355008,77.608096,41.79,11763.651584,-75.944,-4.758,0.0989539030168626,92,47.164,370.313984,49.82906668,9904.43388,55.228,-53.2169,-271.094,-102.747,-454.531008,77.608096,98.555,-78.006,164.564,1171.517952,13001.089024,-454.531008,376.524992,1171.517952,0.0383857374614225,134.327008,0.501,77.608096,0.3240845248097149,-129.132,5588.402048,386.548992,49.82906668,-613.598976,2983.251968,2301.59008,132.294,-410.999016,77.367,411.608408,1.004,-812.329016,6175.24992
-36.26,9332.415952,4828.947968,2014-12-31 00:00:00,0.5955187904534128,1904.322944,1895.632,264.224,54.216,189.934,833.342016,189.934,1881.923968,1077.428992,-845.182976,965.424,520.809,6373.06304,-68.752,637.966016,10076.814336,91.182232,85.990768,1895.632,-3300.532992,12035.353024,2959.352912,835.740032,-23.987,2035.469016,71.687768,-41.79,12035.352576,-65.349,262.828,0.1027171204976788,92,-108.488,444.076992,41.2066894,10131.030336,201.599,-37.785236,-358.746,-94.089,-845.182976,71.687768,-14.704,-572.385984,153.674,1077.428992,13377.34656,-845.182976,272.796992,1077.428992,0.0405533926998653,-23.349,0.612,71.687768,0.2977180527434239,-134.101,5662.289984,62.349,41.2066894,-343.536992,2793.478912,2398.233088,29.898,-577.385984,54.216,442.58768,0.719,-1036.748032,6373.06304
-36.277,10424.608064,4870.578176,2015-03-31 00:00:00,-0.0337071188992328,2522.484992,1994.658944,286.736992,123.771,302.296992,1055.574976,302.296992,1500.925056,1783.517952,-627.699968,895.057984,501.9,7140.164992,-63.126,677.958016,10420.062208,-30.61600000000001,-9.897,0.0,-3720.36608,13066.318144,3284.443072,758.514,-62.682,2052.377952,163.53,0.0,13066.317824,7.589,70.357,0.0906633869461833,90,30.216,326.132992,45.10962154,10543.833208,54.728,-54.749,-180.674,706.089024,-627.699968,163.53,173.427008,-174.584,266.02,1783.517952,14140.428288,-627.699968,453.116,1783.517952,0.0350091197560387,934.902016,0.629,163.53,0.4458933811028203,-55.537,5926.153152,43.14,45.10962154,-681.929024,2818.200064,2464.987072,221.168,121.323032,77.687,408.077216,0.939,-1207.238992,7140.164992
-34.144,10935.441152,4895.766016,2015-06-30 00:00:00,1.338078906842248,2490.307072,2351.616,276.076,179.565,68.069,1031.323008,68.069,1332.043008,1958.157056,-693.302016,759.576984,381.76,7645.241088,-65.404,465.190016,10902.458368,-27.581,-14.762,2351.616,-3906.191872,13572.330112,3290.200064,618.183,-34.846,2077.566048,-9.226,0.0,13572.330496,-1.989,110.29,0.0644870140190175,91,63.737,287.323008,44.27677828,11082.02336,-63.181008,15.06,-209.741,174.639008,-693.302016,-9.226,5.536,-490.391008,33.925,1958.157056,14808.649728,-693.302016,202.911008,1958.157056,0.0243286019568456,656.686016,0.017,-9.226,0.1463251524297546,-67.393,5927.089024,32.608,44.27677828,-684.958016,2818.200064,2396.00608,63.747,-483.301008,133.087,303.599864,2.689,-1315.366992,7645.241088
-33.886,11080.473216,4996.717056,2015-09-30 00:00:00,0.7375602136167689,2262.82112,2384.312064,302.964992,205.087008,55.423,991.116032,55.423,1665.524992,1662.674944,-578.336,615.722992,452.917,7752.273152,-60.633,453.784992,11272.198144,29.81415,-68.922152,2384.312064,-4091.834112,13740.10624,3328.200064,475.156,-34.546,2178.516992,-28.13515,0.0,13740.105728,7.384,-139.49,0.0413078815612735,92,-17.097,265.407008,35.25703134,11477.285152,12.274,9.77385,-192.307,-295.481984,-578.336,-28.13515,40.787,-334.144992,21.537,1662.674944,15364.032512,-569.992,244.191008,1662.674944,0.0155158799214972,68.616,-0.222,-28.13515,0.1221349338939794,-53.249,5987.833088,57.653,35.25703134,-608.289024,2818.200064,2234.89904,100.233,-287.801992,205.087008,197.856618,2.661,-1571.505984,7752.273152
-32.271,11120.38496,5152.310784,2015-12-31 00:00:00,0.0594216776112728,2251.019008,2153.28,371.648992,253.132008,46.637,795.819008,46.637,1491.11104,1601.232,-534.68,325.598016,472.829992,8028.041984,-60.762,528.640992,11472.021504,-18.412440000000004,-12.739558,2153.28,-4163.527936,13976.171776,3092.342976,189.02,-37.108,2358.967976,-147.31856,0.0,13976.17152,-73.949,124.428,-0.0207587671352396,92,16.552,291.550016,28.37654846,11725.153504,215.324,-90.36756,-205.733,-61.443,-534.68,-147.31856,-134.579008,-217.958,14.366,1601.232,15635.549184,-524.957,316.721984,1601.232,-0.0077097470820957,172.266,-0.191,-147.31856,0.0882205517653084,-134.711008,5948.129792,55.433,28.37654846,-550.430976,2793.342976,2125.729024,-63.262,-419.235016,176.107008,-100.271136,3.664,-1217.078016,8028.041984
-31.34,11285.051712,5146.70592,2016-03-31 00:00:00,0.1248031888390631,2156.357888,2567.567872,380.543008,267.847008,132.519,421.348,132.519,1246.994048,1556.48704,-397.791008,302.648,450.354,8481.570816,-57.942,544.742976,11625.419776,-17.08,4.905,2567.567872,-4379.18208,14049.624736,2803.480896,171.007,-68.798,2352.225056,10.541,0.0,14049.625088,2.521,49.415,-0.0337644523939953,91,-11.215,223.307008,36.61244292,11893.266784,69.265,-7.849,-100.35,-44.745,-397.791008,10.541,5.636,-112.874,101.179,1556.48704,16004.601856,-397.791008,284.916992,1556.48704,-0.0128440091915768,67.026,-0.04,10.541,0.2432688549250793,-55.421,5568.05392,49.654,36.61244292,-396.688,2794.480896,1992.358976,88.425,-402.874016,267.847008,-174.13871,4.84,-1155.368,8481.570816
-28.661,12053.073152,4998.455808,2016-06-30 00:00:00,0.0296774193548387,2613.889024,3402.840064,395.313984,327.265984,5.076,527.276992,5.076,538.603008,2257.017088,-423.947008,239.655,186.604008,9257.453056,-77.299,447.768,11842.030592,-201.716016,195.434016,3402.840064,-4597.652992,14783.185856,2795.620096,113.497,-45.308,2202.836032,-63.210984,0.0,14783.18592,5.74,402.312992,-0.0407474227668864,91,1.757,251.654,42.14840106,12169.296576,240.745984,38.212016,-209.25,700.529984,-423.947008,-63.210984,-258.644992,-215.46,-23.585,2257.017088,16439.684096,-411.414008,208.487008,2257.017088,-0.0160902514102178,955.222976,-0.412,-63.210984,0.0113362276893391,-71.559,5525.7328,50.013,42.14840106,-463.18,2795.620096,1974.93696,-180.807008,-211.927,191.316992,-228.123694,7.644,-880.436992,9257.453056
-25.269,12162.038208,4997.07904,2016-09-30 00:00:00,0.7751166840822012,2146.068992,3418.979072,382.425984,336.134992,41.83,618.625984,41.83,1130.34496,1757.414016,-783.931008,226.062,199.239,9274.279168,-61.43,490.099008,12407.780352,25.221000000000004,-39.843,3418.979072,-4830.264832,14889.984192,2887.75904,108.521,-50.13,2200.32,-47.859,0.0,14889.984,-2.671,29.673,-0.0441884934063988,92,-14.979,264.782,39.53011604,12743.91536,60.202,13.7,-287.1,-499.603008,-783.931008,-47.859,-8.016,-509.636,16.561,1757.414016,17238.044672,-783.931008,274.295008,1757.414016,-0.0173137804564829,35.667,-0.413,-47.859,0.0853501013411559,-64.101,5615.705024,64.541,39.53011604,-809.564992,2796.75904,2011.250976,70.104,-418.636,175.808992,-247.847544,10.715,-1055.928,9274.279168
-61.989,12408.706048,5549.035008,2016-12-31 00:00:00,2.9807299188876013,1828.219008,3440.185088,486.372992,482.486992,-311.311008,804.64,-311.311008,2185.918976,1103.539968,-983.694976,-147.572,383.051016,9119.247104,-22.275,430.728,13162.216448,148.80112799999998,240.371888,3440.185088,-5054.559232,15472.922112,3289.458944,-294.831008,-61.256,2259.57596,-352.016128,-1.148,15472.9216,78.944,368.596992,-0.0846110702676753,92,-100.522,309.977984,35.5999668,13644.703456,344.128992,104.456888,-172.6,-578.873984,-983.694976,-352.016128,-191.958,-687.073984,-373.3,1103.539968,18216.77568,-921.227976,296.620992,1103.539968,-0.0314265020056413,341.552992,-0.057,-352.016128,-0.7227554465927454,56.669,6353.675008,349.998016,35.5999668,-1217.048064,3289.458944,1913.337984,-509.215008,-220.725984,297.924992,-462.740992,-39.299,-1525.043968,9119.247104
-39.607,12601.386976,5441.294848,2017-03-31 00:00:00,-54.26411337142857,1251.953024,3432.411904,516.551008,444.516,243.631008,894.742976,243.631008,2391.436032,899.374976,-980.878016,435.981008,73.597,9310.575872,-71.957,744.985984,13950.144512,87.33699999999997,-88.113,3432.411904,-5280.921088,15646.613696,3290.811104,311.487,-71.889,2358.35696,75.879,0.0,15646.613504,-1.285,-45.672,-0.0046693000573228,90,49.149,318.143008,33.2592962,14394.660512,69.758,-41.432,8.75,-279.164992,-980.878016,75.879,163.992,-466.060992,204.024,899.374976,19231.066112,-980.878016,514.816992,899.374976,-0.0018098577647634,-77.102,0.485,75.879,0.3270276397575823,-73.242,6336.037824,14.206,33.2592962,-716.88,3082.938112,2334.875008,250.704992,-466.061024,207.208,-26.872984,3.048,-1878.230976,9310.575872
-37.773,12669.732096,4990.71488,2017-06-30 00:00:00,-24.379075068493155,996.852992,3440.690944,529.417984,469.896,160.962,1355.725952,160.962,2719.817984,572.344,-1491.662976,591.867008,113.534,9377.570048,-52.67,653.075008,14257.261568,7.640000000000001,-9.199,3440.690944,-5512.036864,15724.01088,3292.162048,458.261,-136.916992,2405.741952,31.927,0.0,15724.010496,-1.217,-58.016,0.0112649573683121,91,37.772,368.422016,31.89299778,14727.157568,93.369,-9.743,29.2,-606.195968,-1491.662976,31.927,205.118,-682.668992,123.189,572.344,19769.298944,-1491.662976,808.993984,572.344,0.0044753374953981,-147.344992,0.065,31.927,0.2464678605493352,-53.887,6346.440832,28.092,31.89299778,-1267.844992,2584.973056,2540.182016,122.645,-682.668992,209.159008,68.265,6.305,-2345.439968,9377.570048
-43.851,12823.18816,5124.711936,2017-09-30 00:00:00,0.0,858.457984,3449.118976,567.462976,584.9279839999999,128.018,1435.259008,128.018,2914.95296,483.558016,-480.159008,678.055008,95.699,9424.67712,-66.263,637.646016,14541.261824,5.167849999999998,-6.50585,3449.118976,-5755.358208,15984.648064,3398.51104,525.867,-67.29,2433.670976,16.83415,0.0,15984.648192,-1.484,123.426,0.0219151656380232,92,10.839,388.059008,35.51287207999999,15126.189824,121.639,14.78415,0.0,-13.786,-480.159008,16.83415,23.34,-77.781,84.167,483.558016,20296.620032,-480.159008,402.377984,483.558016,0.0086127762865755,32.503,-0.026,16.83415,0.2007665645008907,-67.747,6559.970944,28.144,35.51287207999999,-448.667008,2691.041024,2687.729024,105.457,27.218976,244.95,132.95815,6.526,-1913.584968,9424.67712
-55.608,24411.942384,9875.753984,2017-12-31 00:00:00,0.0,1163.054976,9388.903424,752.836992,8500.538224,133.212,1232.237056,133.212,5971.01824,26.311,-286.336992,199.88,472.059,18414.613248,-56.003,914.313024,19730.008064,1257.4580999999998,-1155.641088,9388.903424,-5666.017792,29522.604288,5997.329136,28.922,2771.467008,3890.830976,21.7849,0.0,29522.604032,-8.837,-43.061,-0.0259672419453742,92,-74.27,768.359024,30.98394664,28359.548928,-1148.679032,43.4449,0.0,-411.243008,-286.336992,21.7849,1280.07104,139.988992,77.604,26.311,25396.025344,-282.763992,426.326016,26.311,-0.0110688580920987,1647.988992,0.233,21.7849,0.1456962730523239,-64.84,11107.99104,59.462,30.98394664,-2485.558016,5984.923136,2743.858944,1276.690048,-974.937944,250.734,-249.024544,0.123,-301.504,18414.613248
-58.041,24320.588032,9659.908096,2018-03-31 00:00:00,0.0,1191.581056,9363.289088,771.934016,850.568032,287.804,1108.675968,287.804,7246.444032,210.382,-732.417024,709.996,307.095008,16863.762176,-39.815,1211.04896,22875.840512,-1620.623592,1754.020608,9363.289088,-4208.105984,27632.34624,7456.825856,514.723008,-108.905,2203.082048,34.472592,0.0,27632.345088,-15.446,2301.89696,0.0118426506833341,90,62.73,699.52,25.86168842,26440.76544,1969.054944,-54.275408,0.0,63.067,-732.417024,34.472592,-1585.993984,171.995008,229.763008,210.382,27083.945984,-732.417024,904.412032,210.382,0.0048531039293266,8.091,0.957,34.472592,0.2376485257870994,-55.261,10768.584064,44.812,25.86168842,-849.436032,7456.825856,3416.083008,-1578.532992,294.996008,304.14,105.018642,-0.13,-948.465992,16863.762176
-57.25,25235.529856,9904.365568,2018-06-30 00:00:00,-0.6051445869101979,1780.812032,9316.20864,746.427008,1324.121024,88.171,2356.242944,88.171,7834.878976,698.032,-960.987008,637.205,308.078,16702.618624,-62.959,1030.294976,23164.665856,117.855912,95.124088,9316.20864,-4557.359104,28963.227136,8532.911232,422.455008,-297.617984,2070.779008,-100.393912,0.0,28963.227648,-31.524,307.814016,-0.00307779314882,91,-34.357,754.12,30.03679156,27182.415872,214.862016,-12.77491,-821.25,487.649984,-960.987008,-100.393912,17.806,-324.275008,30.921,698.032,27722.02496,-840.485008,636.712,698.032,-0.0012219269363669,763.740032,0.452,-100.393912,0.0855784042957422,-94.483,12260.608512,37.79,30.03679156,-912.801984,7833.5872,3793.302976,-76.978,904.226992,320.822016,-27.30227,-0.13,-590.072008,16702.618624
-51.857,24725.48896,9797.861376,2018-09-30 00:00:00,0.12480399507649,1234.658048,8684.169216,776.424,1623.8759679999998,109.392,2646.075904,109.392,8503.24224,4.855,-1224.103936,618.579,347.417,16217.392128,-51.816,1038.817984,23129.894912,31.27504,159.227968,8684.169216,-4892.874752,28661.329408,8508.096832,395.823008,-104.175,1989.290944,-71.26004,0.0,28661.32992,-26.113,372.568,-0.0014344067275815,92,169.274,978.756992,24.07624666,27426.672128,318.646,-25.65404,-284.35,-693.177024,0.0,31.88096,-39.693,-319.838016,57.535,4.855,28022.769664,0.0,904.265984,4.855,-0.0051694000167501,-640.220992,0.412,31.88096,0.1053042993911048,-77.929,12443.93728,31.853,24.07624666,-957.222016,7808.569856,4194.474944,-127.347,-347.837952,323.446016,-115.39646,4.323,-832.129024,16217.392128
-54.793,16455.610496,7408.114176,2018-12-31 00:00:00,-3.8625254141414143,1969.664,7828.55424,791.742016,268.838016,4.051,2355.001088,4.051,5493.894144,3.487,-814.256,489.417984,724.334016,10958.229248,-129.63,1231.453056,17392.50688,-1136.5120399999998,606.84704,7828.55424,-4755.505152,20721.344512,5497.381248,267.476992,-237.574,2615.123008,134.07104,0.0,20721.344512,-203.08,898.596992,-0.0011212130705449,92,-179.596,1102.871024,18.89,18751.679872,893.096992,59.52704,99.0,-1.368,-877.094016,134.07104,-636.686976,-283.390016,-50.742,3.487,22148.012032,-351.377024,530.865984,3.487,-0.0005417695222771,727.409984,0.81,134.07104,0.0032896097664968,-332.710016,9763.115264,111.107,18.89,-1259.644032,4792.991232,4511.614976,-598.062016,1152.111992,268.838016,-13.61032,2.954,-755.507968,10958.229248
-35.586,16263.890816,7014.606848,2019-03-31 00:00:00,1.1965269286498352,1380.04096,7817.226752,777.003008,337.384,258.344,2185.48992,258.344,5083.457024,40.846,-371.028,459.958,521.660016,11139.58784,-40.978,1213.971968,17453.211648,1.7718639999999937,-2.14986,7817.226752,-5139.16416,20339.684608,5124.302976,260.472,-4.804,2636.580992,188.541136,0.0,20339.685376,-40.883,44.421,0.0222348815028719,90,192.978,877.497984,20.74,18959.643616,86.163,-34.21686,227.75,37.359,-371.028,188.541136,190.691008,500.259008,222.758,40.846,22592.376832,-371.028,871.286976,40.846,0.006293593268406,-463.596992,0.72,188.541136,0.2128088677579744,-81.861,9200.096768,20.839,20.74,-370.331008,4378.025984,4514.537984,190.691008,49.117976,337.384,150.958224,20.987,-487.589024,11139.58784
-26.858,16306.506096,7697.584128,2019-06-30 00:00:00,-1.4231830008673023,1598.091008,7807.739904,774.328,321.639008,5.612,1533.287936,5.612,5027.860992,30.17,-394.752992,377.399,928.901016,11248.47488,-86.208,960.529984,17505.652736,142.06835999999998,-141.950368,7807.739904,-5507.05408,20479.346944,5058.031216,208.305,-0.189,2671.782976,-16.38436,0.0,20479.346688,-22.997,-129.745,0.0294934011751672,91,20.614,850.846976,15.81,18881.256704,-85.389,4.86164,-115.3,-10.676,-394.752992,-16.38436,125.566,48.793,-21.246,30.17,23012.706304,-394.752992,443.545984,30.17,0.0095046740245851,-59.924,0.02,-16.38436,0.0058426078243071,-109.205,9230.872064,13.148,15.81,-394.297984,5025.801216,4444.772992,125.566,-3.277008,321.639008,234.967776,23.645,-114.521016,11248.47488
-24.749,16123.942656,7813.113856,2019-09-30 00:00:00,1.147243410080896,1495.219968,7818.68288,811.961984,325.528992,-27.064,1449.709952,-27.064,5218.776064,7.542,-491.552,240.943,935.417984,10897.624832,-42.767,943.307008,17569.994752,-307.37420799999995,307.494208,7818.68288,-5890.791936,20160.44864,5226.317824,98.957,-2.227,2621.612032,-53.533792,0.0,20160.448512,-60.848,340.092,0.0230793983631726,92,8.261,755.102016,10.64,18665.229728,273.04,-1.72079,-80.35000000000001,-22.628,-491.552,-53.533792,-361.028,-172.531008,-51.813,7.542,23460.786176,-491.552,319.020992,7.542,0.0103516927123807,149.932,-0.169,-53.533792,-0.028690553309236,-103.615,9262.823808,35.995,10.64,-491.580992,5191.501824,4349.262016,-361.028,-12.704,325.528992,252.694024,22.96,32.785992,10897.624832
-21.175,15155.567264,7659.737088,2019-12-31 00:00:00,-2.757085858655585,1754.85504,7818.205184,867.148032,222.872992,-386.183008,1345.901952,-386.183008,5347.382784,4.596,-345.120992,-133.88,1140.171016,9803.588224,-38.444,948.355968,16155.490304,-830.727048,831.074048,7818.205184,-5499.860992,18809.227264,5351.97904,-242.248,-0.917,2352.962048,-345.849952,0.0,18809.227264,-437.048992,1294.15104,-0.0207161316479181,92,-28.204,833.028016,10.9,17054.37232,1031.27504,61.508048,72.433,-2.946,-345.120992,-345.849952,-1176.924032,-127.271,-407.358016,4.596,21655.351296,-345.120992,217.85,4.596,-0.0108803016166117,124.136,0.124,-345.849952,-0.4072131362387335,-475.492992,9005.63904,28.653,10.9,-344.932,5306.77504,4066.164992,-1176.924032,5.452048,222.872992,-215.052272,23.891,249.25,9803.588224
-37.66,14670.742016,7527.407104,2020-03-31 00:00:00,1.1919060403889838,1948.043008,7821.630976,893.905024,575.145984,24.955,1473.232,24.955,5018.212864,18.651,-256.156,-382.680008,1488.255024,9633.878016,-34.938,959.801984,15965.5424,-115.83031199999998,115.842312,7821.630976,-5833.717248,18634.51712,5036.864,-493.122016,-29.626,2506.798976,-51.296688,0.0,18634.51648,-62.169,106.636,-0.0449674402179834,91,63.217,692.268032,7.07,16303.1904,239.18,-38.591688,111.367,14.055,-256.156,-51.296688,-167.139008,244.106,-12.705,18.651,21799.258112,-256.156,500.262016,18.651,-0.0239678951592486,-282.513984,0.007,-51.296688,0.0260001546318954,-97.107,9000.639104,43.09,7.07,-203.692992,5020.608,3811.994944,-167.139008,-1.11792,575.145984,-467.064792,24.714,-6.903008,9633.878016
-61.796,14059.167112,7009.455104,2020-06-30 00:00:00,-4.896326530612245,1541.794944,7889.072128,855.174976,541.708992,-41.917,1560.585984,-41.917,4617.37216,2.968,-255.939008,-430.209008,1197.366024,9438.827136,-43.341,818.116992,15704.073216,-145.25936,145.33136,7889.072128,-5219.993088,18008.868224,4620.339976,-575.589016,15.687,2405.423936,-117.74364,0.0,18008.868864,-49.632,421.663008,-0.0468301060839503,91,57.132,686.512,11.9,16111.604208,322.229008,-14.030636,-49.0,-15.683,-255.939008,-117.74364,-263.075008,190.92,-103.713,2.968,20924.065792,-145.002008,446.859008,2.968,-0.0251710435026821,-317.264992,-0.135,-117.74364,-0.0512359484155537,-92.973,8570.041088,79.991,11.9,-145.276992,4604.030976,3669.581952,-263.075008,-31.094936,541.708992,-484.394274,3.59,135.223992,9438.827136
-66.254,13576.758968,6889.409024,2020-09-30 00:00:00,-8.985478260869565,1342.153984,7895.627776,855.193024,457.587008,-67.648,1839.517056,-67.648,4717.281792,13.668,-276.288992,-470.793008,900.047016,8845.808768,-51.654,853.481024,15557.41696,-517.332552,517.404544,7895.627776,-5577.119232,17574.734848,4730.9502,-657.678016,-3.807,2191.822016,-83.235448,0.0,17574.735872,-61.087,680.208,-0.0520776619118571,92,-43.489,693.140992,12.93,15906.64696,480.079992,50.666556,11.5,10.7,-276.288992,-83.235448,-600.64,-91.833,-133.902,13.668,21134.536704,-273.989992,184.456,13.668,-0.0272475642238006,99.982,-0.278,-83.235448,-0.0792612818536431,-112.741,8728.92608,345.646016,12.93,-273.737984,4697.5872,3579.755968,-600.64,14.25504,457.587008,-514.09593,2.9,215.922,8845.808768
-69.978,14238.095984,7088.329216,2020-12-31 00:00:00,3.8341902222222224,1215.449984,8241.683968,920.156992,640.374016,-95.796,1762.409984,-95.796,4957.15584,18.21,-253.847008,-367.628992,630.687992,9262.729936,-44.836,926.049024,16054.264832,173.911752,-174.223744,8241.683968,-5940.983808,18113.469136,4975.366048,-603.316992,3.518,2292.123968,-110.535752,0.0,18113.468416,-130.596,78.666,-0.0452345561207893,92,-142.348992,797.413992,12.71,16488.018832,109.396,55.228252,31.5,4.542,-253.847008,-110.535752,63.688,152.276992,-165.774,18.21,21995.249664,-241.003008,406.124,18.21,-0.0233492602888955,531.510016,-0.271,-110.535752,-0.1034459272860267,-175.432,8850.7392,103.615,12.71,-933.091968,4796.205056,3557.44896,63.678,352.190016,640.374016,-431.058816,4.308,495.470016,9262.729936
-71.795,14036.41444,7059.011072,2021-03-31 00:00:00,-0.2447255284552846,1313.70496,8238.6432,923.764992,827.683008,158.028,1750.027008,158.028,4765.378048,40.67,-251.276992,-47.333,590.538992,9230.366192,-45.006,1090.870016,15898.015744,0.0,105.134048,8238.6432,-6270.839808,18039.404272,4806.048248,-317.156,-3.149,2282.253952,64.616048,0.0,18039.404544,-17.706,66.75,-0.0261912692004317,90,3.833,812.273024,18.58,16335.69376,59.484,-22.130954,196.8,22.46,-251.276992,64.616048,-40.518,148.638016,86.233,40.67,22168.856576,-251.276992,399.915008,40.67,-0.0134645429289344,-129.545,0.261,64.616048,0.144864188842092,-62.712,8809.03808,158.59,18.58,-247.91,4776.757248,3688.517056,-41.032,22.242000000000075,827.683008,-246.898792,3.304,400.001992,9230.366192
-73.221,13798.739824,7003.634176,2021-06-30 00:00:00,-2.822461059190031,2168.655104,8245.751808,897.294016,997.531008,35.28,3679.201024,35.28,5165.548032,330.769984,-218.982,29.864,1186.316992,8302.421808,-49.853,1004.396032,15819.071488,0.0,930.327168,8245.751808,-6678.508032,18985.257008,5496.318016,-251.384,-5.383,1907.01504,-6.1298195,0.0,18985.25696,-27.413,933.372032,-0.0152600679788467,91,7.794,820.134016,22.26,16406.602496,591.854048,31.74918,96.3,290.1,-218.982,-6.1298195,-936.457024,-175.503,-37.941,330.769984,22497.579008,-218.982,43.479,330.769984,-0.007313862322014,673.609024,0.046,-6.1298195,0.0351255867964241,-77.266,10682.8352,537.462016,22.26,-426.988,5096.619008,3874.796096,-936.518976,503.489,997.531008,-135.2849715,3.765,33.578984,8302.421808
