Non-Operating Income (Loss),StockBased Compensation,Line of Credit Available,Equity Charge,WACC Discount Factor,Other Accrued Liabilities,Operating Leases,Line of Credit,Total Current Liabilities,BALANCE SHEET,Total Liabilities & Equity,Operating Income,NonCash Items,Days in Period,Net Share Repurchases,"Cash, Cash Equivalents & STI",Misc LT Assets,Rental Expense - Years 2 - 5,"Selling, General & Admin",Revenue,ST Debt,-Net Share Repurchases,LTM Basic EPS,Rental Expense - Year 1,ST Capital Leases,Rental Expense Beyond Year 5,Dep & Amort,Work In Process,Total Liabilities / Tangible Assets,Current Liabilities,Other Adjustments,Free Cash Flow (LTM),Deferred Compensation,Other Operating Expenses,Free Cash Flow to Firm,ST Deferred Tax Assets,Cash (Repurchase) of Equity,Free Cash Flow to Equity,Deferred Tax Liabilities,Repayments of LT Debt,Other PostRet Benefits,Effect of Foreign Exchanges,Income (Loss) from Cont Ops,year + weight + convention,Free Cash Flow to Firm Model,Dividends,Net Extraordinary Losses (Gains),Net Cash From Disc Ops (fin),Period Weight,Pretax Income,LT Marketable Securities,ST Borrowings,Dividend Yield (LTM),Free Cash Flow per Share,LT Receivables,Prepaid Expenses,Cash % of Revenue,Diluted - Basic Shares,Diluted EPS,Operating Margin,Operating Expenses,Line of Credit Used,Interest & Dividends Payable,PP&E Gross,EBITDAR,A = L + SE,Inventories,Discontinued Operations NI,PV of Free Cash Flow to Firm,Pensions,Raw Materials,Other Non-Op Income (Loss),Bull,Discounted Residual Income (Bear)
-10.816,637.500056,476.64,2011-03-31 00:00:00,0.0,143.823008,644.529024,0.0,32.303,4.515,148.944992,4.515,433.572992,50.95,-89.924,5.355,76.893,152.97704,-8.25,48.379,602.435968,-15.355,16.867,7.22,-707.019008,778.562032,484.523016,-33.456,117.917,20.274,-6.301,-33.839,778.561984,-2.416,23.141,-0.1378970344580965,90,-20.261,110.145,0.0,634.738968,24.979,0.0,0.0,33.162,-89.924,-7.813,-23.168,-83.415,-6.301,50.95,1309.454976,-89.752,6.509,50.95,-0.0426367763035947,116.405,0.0,-7.813,0.0,-10.666,625.584992,55.927,0.0,-89.752,456.366016,179.186,-23.168,-84.755,13.161,-35.23565,0.012,-225.736,152.97704
-12.955,660.249024,498.348,2011-06-30 00:00:00,0.0,91.343,646.150016,0.0,29.552,9.094,149.668,9.094,506.535008,0.547,-103.584,19.526,76.545,153.167024,-7.328,58.835,680.288,5.455,-3.943,7.224,-740.081984,801.183024,507.082,-23.098,-29.219,17.288,-3.861,37.891,801.182976,-2.325,0.963,-0.1051432763355081,91,28.101,114.818,0.0,709.84,2.302,0.0,0.0,-50.403,-103.584,-5.373,0.082,-42.172,-3.861,0.547,1420.370048,-103.584,61.412,0.547,-0.0290781703849881,-8.231,0.0,-5.373,0.0,-9.653,648.016,55.257,0.0,-103.584,481.06,196.159,0.082,-21.184,12.211,-24.31265,0.01,-225.384,153.167024
-13.001,731.657016,561.900032,2011-09-30 00:00:00,0.0,117.476,647.427008,0.0,36.592,8.754,147.518,8.754,561.649984,3.441,-94.559,29.378,98.682,166.566,-6.251,63.832,721.916032,19.39,-17.879,7.225,-778.465024,875.984032,565.091016,-17.104,-0.052,21.646,-4.247,-7.506,875.984,-1.638,-13.327,-0.1278789778115994,92,3.014,104.187,0.0,758.508032,-11.978,0.0,0.0,2.894,-94.559,-5.758,13.632,-52.543,-4.247,3.441,1500.381056,-94.559,42.016,3.441,-0.0233216175422372,55.437,0.0,-5.758,0.0,-7.889,709.418032,53.13,0.0,-94.559,540.254016,216.238,13.632,2.946,11.245,-18.07865,0.021,-244.011,166.566
-12.52,709.826,603.537984,2011-12-31 00:00:00,0.0,101.129,649.065984,19.1,37.808,0.198,114.865,0.198,562.779008,3.347,-47.169,22.561,81.561,143.699984,-7.97,61.328,723.166016,-8.469999999999999,9.982,7.276,-824.894016,862.102968,566.126016,-26.731,-0.816,37.412,-12.322,7.476,862.102976,-1.91,16.513,-0.2028517522905947,92,-8.352,95.145,0.0,760.974016,18.482,0.0,0.0,-0.094,-47.169,-13.834,-22.304,-20.766,-12.322,3.347,1548.060032,-47.169,26.403,3.347,-0.0350184714543977,20.672,0.0,-13.834,0.0,-9.88,718.402984,24.735,0.0,-47.169,566.126016,232.374,-22.304,0.722,18.088,-26.731,0.0,-198.896,143.699984
-12.913,725.586,635.070016,2012-03-31 00:00:00,0.0,84.519,649.936,7.12,35.455,4.314,107.74,4.314,599.568,0.0,-63.335,22.36,72.625,126.018,-7.921,61.201,748.854016,-7.6179999999999986,9.13,7.268,-860.835968,868.828016,599.568,-29.029,-0.053,35.502,-8.599,-7.773,868.828032,-2.213,13.845,-0.2555674594338754,91,0.591,85.592,0.0,784.309016,15.397,0.0,0.0,-3.347,-63.335,-10.111,-17.729,-32.798,-8.599,0.0,1609.689984,-63.335,30.537,0.0,-0.0352424134152334,29.451,0.0,-10.111,0.0704890442966618,-10.134,742.810016,18.538,0.0,-63.335,599.568,245.196,-17.729,-34.31,18.491,-29.029,0.0,-148.279,126.018
-13.088,749.943056,657.102016,2012-06-30 00:00:00,0.0,72.133,652.073024,7.213,32.919,7.099,112.323,7.099,624.555008,1.955,-68.442,20.365,56.363,123.43304,-6.69,62.674,787.806016,0.0,-2.787,7.278,-896.350976,892.858056,626.510016,-31.157,-0.023,30.592,-5.989,12.502,892.857984,-2.019,1.91,-0.2734582230748759,91,12.64,98.379,0.0,820.725016,3.393,0.0,0.0,1.955,-68.442,-7.501,-3.202,-21.049,-5.989,1.955,1684.157056,-68.403,47.393,1.955,-0.0367842345441281,22.965,0.0,-7.501,0.1132686600504196,-8.709,769.425016,16.146,0.0,-68.403,626.510016,249.035,-3.202,-22.522,17.673,-31.157,0.001,-127.156,123.43304
-13.312,705.93704,597.041024,2012-09-30 00:00:00,0.0,44.636,653.724032,5.506,22.613,6.503,92.307,6.503,568.382976,1.57,-53.167,18.114,30.969,135.984016,-7.142,64.766,758.083008,20.725,-19.214,7.278,-824.396992,825.33204,569.953024,-33.719,-0.019,27.088,-6.809,-9.034,825.331968,-2.523,-14.451,-0.2668411197132765,92,-17.285,86.108,0.0,780.696008,-12.775,0.0,0.0,-0.385,-53.167,-8.32,12.405,-33.524,-6.809,1.57,1582.48,40.502,19.643,1.57,-0.0396387274724032,-60.53,0.0,-8.32,0.1004076212827718,-9.665,689.348024,14.565,0.0,40.502,569.953024,249.969,12.405,58.634,16.673,-33.719,0.002,-108.137,135.984016
-13.086,628.915984,596.257024,2012-12-31 00:00:00,0.0,32.573,655.809984,12.434,16.063,-5.138,111.883,-5.138,567.483008,1.188,-70.258,12.778,22.105,60.245008,-7.177,65.364,719.748992,-55.94,57.452,7.352,-906.377024,768.385032,568.670976,-39.621,-0.828,27.586,-18.224,2.615,768.385024,-16.367,76.258,-0.4579508318764905,92,36.358,110.896,0.0,735.811992,78.45,0.0,0.0,-0.382,-70.258,-19.736,-75.676,5.958,-18.224,1.188,1626.125952,-70.258,76.216,1.188,-0.0486001736903307,-6.34,0.0,-19.736,-0.0786059604675356,-23.544,708.140024,19.98,0.0,-70.258,568.670976,254.004992,-75.676,4.446,15.427,-39.621,0.0,-78.627,60.245008
-13.369,653.312016,647.142016,2013-03-31 00:00:00,0.0,28.328,657.464,5.789,15.367,-13.033,95.232,-13.033,617.342016,4.048,-52.211,-4.569,18.511,31.922,-9.387,47.236,730.601024,-0.5489999999999959,2.061,7.353,-917.678016,774.296016,621.390016,-57.424,-0.142,25.752,-26.402,-6.583,774.296,-3.335,8.035,-0.8273070907194995,90,-10.048,91.378,0.0,745.968024,9.809,0.0,0.0,2.86,-52.211,-27.914,-28.463,-45.939,-26.402,4.048,1648.27904,-51.778,6.272,4.048,-0.069896123337815,48.366,0.0,-27.914,-0.2759124396646625,-12.722,742.374016,18.247,0.0,-51.778,621.390016,240.04,-28.463,-47.018,14.442,-57.424,0.004,-94.554,31.922
-13.012,673.714032,578.497984,2013-06-30 00:00:00,0.0,37.06,765.249024,5.755,17.684,-2.6305385,109.482,-2.6305385,551.457984,2.65,-62.462,-14.2985385,29.172,119.606,-7.645,48.568,752.841984,0.0,-3.517,7.361,-957.350976,807.585984,554.108032,-67.077538,-0.178,24.39,-19.66,6.451,807.585984,2.0584615,0.859,-0.6672898036280122,91,8.659,106.144,0.0,770.525984,2.559,-4.0174615,0.0,-1.398,-62.462,-23.616,-16.143,-32.874,-15.642538,2.65,1710.193024,-62.462,29.588,2.65,-0.0836193386408601,31.476,0.0,-23.616,-0.0541619687860319,-5.5865385,687.979984,23.364,0.0,-62.462,554.108032,225.934,-16.143,-56.826,13.493,-71.095,0.015,-106.379,119.606
-12.68,842.505016,650.860992,2013-09-30 00:00:00,0.0,39.778,894.348032,4.822,125.625,-0.053923078125,105.981,-0.053923078125,624.089024,1.901,-80.951,-20.855461578125,32.244,216.515,-8.294,53.514,807.953984,-7.083999999999996,12.789,7.35,-993.809024,973.356992,625.990016,-73.002461,-112.404,24.871,-14.296,-5.472,973.356992,0.3480769375,16.852,-0.5245380373211627,92,-19.843,99.426,0.0,933.578984,18.589,-1.562076875,0.0,-0.749,-80.951,-20.001,-27.085,-75.97,-12.733923,1.901,1801.762944,-80.935,4.981,1.901,-0.0873769748383845,75.205,0.0,-20.001,-0.0010076443197107,-7.945923,756.841992,24.115,0.0,-80.935,625.990016,214.682,-27.085,-61.654,124.762,-78.582,0.0,-148.825,216.515
-12.025,842.051984,463.768,2013-12-31 00:00:00,0.0,133.145,1065.230016,13.313,17.750999999999998,-8.544,153.922,-8.544,436.308992,49.22,-55.479,-24.261462,78.736,356.523,-8.743,50.191,823.316992,4.505000000000003,2.926,8.852,-1021.862976,974.213,485.528984,-75.347464,222.176992,27.902,-20.569,11.339,974.212992,-5.813,10.525,-0.4828566414248006,92,8.515,99.253,0.0,841.067992,12.994,0.0,0.0,47.319,-55.479,-28.0,-23.495,-24.915,-20.569,49.22,1845.180032,-55.479,30.564,49.22,-0.0928808586454858,72.234,0.0,-28.0,-0.170229722460202,-14.556,617.69,72.549,0.0,-55.479,435.865984,199.508992,-23.495,-32.346,15.69,-80.927,0.0,-179.698,356.523
-11.868,826.446016,474.691008,2014-03-31 00:00:00,0.0,86.218,1067.580032,4.727,15.046,-4.854,145.412,-4.854,496.686016,0.81,-58.154,-16.082461578125,76.203,328.950008,-8.941,49.072,847.788992,1.6610000000000014,5.77,8.855,-1048.396992,949.053016,497.496008,-65.667461,-0.005,27.576,-16.722,-16.161,949.052992,-2.317,10.303,-0.5374856416073354,90,-12.844,89.586,0.0,862.834992,12.653,0.0,0.0,-48.41,-58.154,-24.153,-22.492,-51.599,-16.722,0.81,1896.185984,-57.529,6.555,0.81,-0.0826843550908578,2.564,0.0,-24.153,-0.0989158787088359,-11.258,620.103008,74.283,0.0,-57.529,447.115008,201.345,-22.492,-58.405,14.546,-71.247,0.01,-185.358,328.950008
-11.741,837.177928,515.912992,2014-06-30 00:00:00,0.0,85.197,1070.867968,4.675,14.022,-6.631,207.538,-6.631,537.022016,0.454,-94.045,-20.082923078125,76.725,299.701944,-9.454,50.24,923.934016,0.0,-6.734,8.886,-1078.88704,1023.152936,537.475984,-68.396923,-0.313,29.535,-31.84,10.85,1023.153024,-5.707,11.116,-0.5372485928854523,91,44.907,146.669,0.0,937.956016,13.414,-13.468,0.0,-0.356,-94.045,-39.27,-25.106,-30.754,-18.372,0.454,2002.820992,-94.045,63.291,0.454,-0.091140244060392,30.398,0.0,-39.27,-0.1319864649681528,-15.161,723.450992,75.227,0.0,-94.045,486.377984,203.017,-25.106,-0.184,14.022,-83.427,0.01,-183.238,299.701944
-12.639,824.050968,591.801024,2014-09-30 00:00:00,0.0,94.265,1072.894976,4.142,18.106,-1.854,205.820992,-1.854,607.249024,2.215,-86.114,-21.883,81.888,214.587,-8.312,55.101,899.838016,-57.787,65.218,8.887,-1200.29696,1012.209016,609.463968,-70.156,-0.016,27.461,-14.493,-1.696,1012.209024,-0.897,68.515,-0.5314170245485063,92,-1.519,158.098,0.0,917.944016,70.541,0.0,0.0,1.761,-86.114,-21.924,-79.711,-60.792,-14.493,2.215,2100.13504,-86.114,25.322,2.215,-0.0842319009553394,62.553,0.0,-21.924,-0.0336473022268198,-9.209,797.622016,74.219,0.0,-86.114,564.339968,204.604,-79.711,1.777,13.34,-83.624,0.006,-168.06,214.587
-11.491,552.851,580.211008,2014-12-31 00:00:00,0.0,78.296,1075.790976,10.57,29.237,-11.634,157.700992,-11.634,568.617024,0.008,-84.039,-19.39,63.912,-15.774024,-7.021,48.557,614.604992,-124.326296,131.756304,9.021,-871.081984,722.137976,568.625024,-67.129,6.393,11.586,-94.070704,5.997,722.137984,-1.078,214.166,0.0,92,-5.048,141.111,0.0,643.841992,217.047,-70.945696,0.0,-2.207,-84.039,-101.500704,-225.827008,-57.476,-23.125,0.008,1485.68704,-30.732,26.563,0.008,-0.1971661034373113,1.962,0.0,-101.500704,-0.239594703132401,-8.099,737.912,16.468,0.0,-30.732,568.625024,208.552992,-225.827008,-119.599,12.749,-167.231456,0.064,-200.620992,-15.774024
-10.127,606.248952,596.982016,2015-03-31 00:00:00,0.0,65.323,1140.771968,4.746,28.217,-1.267,116.514,-1.267,579.164992,6.426,-68.354,-21.386,48.216,20.657976,-7.751,37.124,640.614016,-2.293,9.724,11.422,-893.345024,734.153992,585.590976,-67.384,44.709,11.391,-11.394,4.498,734.153984,-3.658,12.39,-1.0520137495500304,90,-7.674,102.966,0.0,668.831016,14.276,0.0,0.0,6.418,-68.354,-18.825,-21.118,-62.637,-11.394,6.426,1533.95904,-67.577,5.717,6.426,-0.180367246766924,68.278,0.0,-18.825,-0.0341288654239844,-11.409,713.496016,9.712,0.0,-67.577,585.590976,191.022,-21.118,-38.291,14.821,-151.797704,1.952,-211.659,20.657976
-8.857,607.36,633.275008,2015-06-30 00:00:00,0.0,41.522,792.665344,4.608,21.444000000000003,-2.58,77.552,-2.58,622.054976,0.348,-23.084,-17.335,32.106,-15.043008,-6.459,37.269,632.817984,-12.770999999999995,20.201,11.497,-915.268992,695.784,622.403008,-60.449,-0.773,10.872,-11.437,0.694,695.784,-6.462,24.168,0.0,91,-24.7,69.939,0.0,654.261984,26.109,0.0,0.0,-6.078,-23.084,-18.867,-31.638,-34.313,-11.437,0.348,1548.08704,-20.646,-11.229,0.348,-0.1528790201914925,25.797,0.0,-18.867,-0.0692264348386058,-12.921,710.827008,10.697,0.0,-20.646,622.403008,178.051,-31.638,344.930656,14.015,-131.394704,5.928,-215.218,-15.043008
-11.488,523.432064,544.270016,2015-09-30 00:00:00,0.0,40.059,808.877376,0.585,12.967,-6.638,57.325,-6.638,536.033984,4.025,-22.559,-22.119,24.223,-16.626944,-5.352,31.458,531.942016,7.760000000000002,-0.33,11.851,-454.360992,584.968072,540.059008,-64.082,-47.891,4.211,-18.126,-2.906,584.968,-4.278,3.897,0.0,92,-15.128,51.929,0.0,544.909016,4.758,0.0,0.0,3.677,-22.559,-25.556,-17.796,-28.906,-18.126,4.025,986.302976,79.076,-6.347,4.025,-0.1690829531993067,-69.052,0.0,-25.556,-0.211011507406701,-9.63,601.595016,8.914,0.0,79.076,540.059008,154.408,-17.796,-3.343,7.608,-135.027704,4.095,-183.332,-16.626944
-24.335,57.421984,4.135,2015-12-31 00:00:00,0.0,23.229,837.823488,4.135,0.09,-31.194,497.800992,-31.194,453.724992,11.782,-4.41,-41.679,4.54,-408.085024,-8.14,26.073,70.532,-445.178,353.343008,12.782,-911.072,93.850968,465.507008,-96.486,-0.571,4.135,-55.529,2.738,93.851,-27.385,396.148,0.0,92,-12.716,32.181,0.0,70.622,398.149,0.0,0.0,7.757,-4.41,36.306,-408.872,-9.562,-55.529,11.782,981.603968,4.273,-5.152,11.782,-0.2364884867122176,8.636,0.0,36.306,-1.196410079392475,-35.525,501.935992,4.54,0.0,4.273,0.0,131.924,-408.872,-101.066184,0.09,-96.486,-11.975,-135.418,-408.085024
-8.313,52.347016,4.202,2016-03-31 00:00:00,0.0,22.651,1111.453056,0.49,0.09,-6.967,480.295008,-6.967,433.388992,12.68,-1.006,-47.379,3.6,-393.721976,-6.364,6.245,68.034,-1.2404499999999992,2.24445,15.613,-914.097024,90.775032,446.068992,-100.372,-0.093,4.202,-16.48855,7.714,90.775,-0.197,-0.197,0.0,91,4.227,34.22,0.0,68.124,0.873,-1.20855,0.0,0.898,-1.006,-17.49255,-18.733,-11.494,-15.28,12.68,982.131008,-0.717,-10.488,12.68,-0.2462770783187804,12.103,0.0,-17.49255,-1.1156124899919937,-6.561,484.497008,3.6,0.0,-0.717,0.0,101.045,-18.733,-244.653472,0.09,-101.58055,0.0,-84.275,-393.721976
-1.126,-358.741952,436.299008,2016-06-30 00:00:00,0.0,20.393,1112.555008,432.518016,0.112,-3.293,47.605,-3.293,29.035,10.072,-0.754,-48.092,3.432,-397.848952,-3.72,6.339,65.55,4.5905,0.5265,15.67,-916.595968,86.055056,39.107,-93.354,-0.832,436.299016,-4.7025,1.838,86.055,-0.289,-2.418,0.0,91,2.179,8.498,0.0,65.662,-1.317,-0.2835,0.0,-2.608,-0.754,-9.8195,-5.229,-2.58,-4.419,10.072,982.145984,-0.754,-1.826,10.072,-0.2426229696906908,-0.028,0.0,-9.8195,-0.5194825682284272,-4.009,483.904008,3.432,0.0,-0.754,0.0,70.115,-5.229,-6.893,0.112,-94.84605,0.5,-52.542,-397.848952
-1.251,-370.95104,440.716,2016-09-30 00:00:00,0.0,17.943,869.050496,440.716,0.11,-2.25,52.062,-2.25,33.249,6.499,-1.738,-43.704,5.048,-410.69904,-3.79,7.243,64.026,-1.6992499999999993,6.81525,15.995,-918.851008,82.07896,39.748,-78.729,0.804,440.716,-7.17075,3.761,82.079,-0.078,5.337,0.0,92,3.363,12.231,0.0,64.136,6.473,-3.66975,0.0,-3.573,-1.738,-12.28675,-13.986,-3.576,-3.501,6.499,982.876992,-1.735,-1.838,6.499,-0.2515289027609748,0.0,0.0,-12.28675,-0.3106447604583736,-3.868,492.778,5.048,0.0,-1.735,0.0,45.9,-13.986,235.147472,0.11,-83.8908,0.0,-27.212,-410.69904
8.074,108.105,50.138,2016-12-31 00:00:00,9.382,46.87,65.207,2.631,0.322,0.024,18.274,0.024,10.355,36.85,-3.523,-12.486,3.897,60.9,-2.8,7.441,82.12,393.996,-393.722208,0.091,-4.006,129.312,47.205,-25.59,0.002,2.933,9.589,1.016,129.312,-0.013,-413.428,0.0,92,0.91,18.274,12.400125,82.442,-413.188,0.0,-1.0,30.351,-3.523,9.589,403.584992,-10.382,8.098,36.85,86.126,-2.672,-6.859,36.85,-0.2293390929499962,39.882,-0.11,9.589,0.0032253729337454,-2.813,68.412,3.897,12.400125,-2.672,47.205,27.268,403.584992,-239.406472,0.02,-25.59,10.106,-28.032,60.9
-2.17,105.133,52.155,2017-03-31 00:00:00,-1.6404999999999998,46.432,66.033,0.0,0.7230000000000001,-3.49,25.154,-3.49,11.183,37.949,-3.384,-9.009,4.215,56.001,-4.463,9.413,86.155,-0.0422499999999992,0.04225,0.091,-6.245,133.31,49.132,-5.482,-0.146,3.023,-5.68275,0.618,133.31,0.0,2.148,0.0,90,4.22,24.35,13.66,86.878,3.876,-0.02275,-2.0,1.099,-3.384,-5.68275,-5.725,1.281,-5.66,37.949,92.4,-3.384,4.665,37.949,-0.0711069460249459,-0.182,0.015,-5.68275,-0.3707638372463614,-4.463,77.309,4.215,13.66,-3.384,49.132,30.436,-5.725,1.245,0.321,-7.967,0.009,-15.257,56.001
-2.348,106.825,54.289,2017-06-30 00:00:00,-0.8838260869565218,45.498,66.898,0.0,0.5710000000000001,0.368,33.419,0.368,16.169,34.411,-14.135,-5.348,7.339,55.645,-3.772,12.465,97.284,0.4979,-0.4979,0.105,-9.271,143.353,51.18,-3.043,-0.132,3.109,-1.7119,-2.74,143.352992,0.0,1.317,0.0,91,6.626,33.419,12.1547,97.855,2.968,0.2681,-23.0,-2.938,-14.135,-1.7119,-1.214,-2.672,-1.98,34.411,106.555,-14.135,11.463,34.411,-0.0433847134671751,-0.266,-0.208,-1.7119,0.0295226634576815,-3.772,87.708,7.317,12.1547,-14.135,51.18,36.562,-1.214,-2.806,0.234,-4.9764,0.012,-15.349,55.645
-1.113,110.802,56.585,2017-09-30 00:00:00,1.175418994413408,41.798,67.996,0.0,0.084,2.204,26.566,2.204,22.253,31.086,-4.179,-0.894,5.745,57.463,-3.749,13.219,98.732,-0.2411499999999999,0.24115,0.106,-12.728,140.614,53.339,1.549,0.104,3.246,0.96115,1.329,140.614,0.0,2.389,0.0,92,-8.054,26.495,9.71,98.816,4.103,-0.12985,-1.79,-3.325,-4.179,0.96115,0.72,-3.894,1.091,31.086,111.46,-3.716,0.285,31.086,0.0283394628479566,0.106,-0.022,0.96115,0.1667297072395794,-3.749,83.151,5.745,9.71,-3.716,53.339,42.538,0.72,-3.429,0.084,3.1555,1.416,-15.667,57.463
-2.858,111.976,59.609,2017-12-31 00:00:00,-0.3565095003518649,38.49,68.554,0.0,2.194,-0.766,36.281,-0.766,29.733,25.992,-7.065,-1.802,8.606,56.251,-4.712,11.056,111.457,0.5648500000000001,-0.56485,0.108,-15.899,152.141,55.725,-10.291,-0.862,3.884,-2.34185,0.044,152.140992,0.471,0.294,-0.1671185051770791,92,-1.026,35.279,10.91,113.651,2.064,1.28215,-7.105,-5.094,-7.065,-2.34185,-1.777,-4.572,-3.624,25.992,127.356,-6.965,2.493,25.992,-0.0695608167491074,-0.622,-0.118,-2.34185,-0.0692836468885673,-4.241,95.89,6.572,10.91,-6.965,55.725,46.153,-1.777,-4.232,0.691,-9.78905,-0.201,-10.457,56.251
-2.68,95.532,45.386,2018-03-31 00:00:00,-16.156000000000002,23.376,72.522,0.0,2.688,-1.001,32.387,-1.001,31.733,9.731,-28.99,0.805,8.792,54.068,-5.196,11.834,105.777,-1.2979699999999994,1.29797,0.116,-19.289,131.841,41.464,-8.194,-0.013,3.922,-4.02603,-2.659,131.841,0.331,3.429,-0.1293484995775377,90,3.024,30.973,10.97,108.465,5.104,-0.34503,1.5,-16.261,-28.99,-4.02603,-5.324,-22.734,-3.681,9.731,125.066,-5.781,6.256,9.731,-0.0536949134644033,-16.736,-0.014,-4.02603,-0.0845867838431637,-4.865,77.773,7.473,10.97,-5.781,41.464,48.574,-5.324,-16.248,0.664,-7.11863,-0.007,-34.472,54.068
-2.616,103.214,54.13,2018-06-30 00:00:00,-0.0160555555555556,14.36,74.254,0.0,2.01,2.087,36.566,2.087,48.351,1.729,-24.11,2.524,8.94,53.134,-4.803,17.835,127.46,-1.68428,1.68428,0.119,-24.783,143.83,50.08,-6.743,-0.005,4.05,-0.97672,-0.496,143.83,-0.165,4.849,-0.1173654841467562,91,-2.841,34.521,12.37,129.47,6.341,-0.44772,-18.0,-8.002,-24.11,-0.97672,-2.661,-17.711,-0.529,1.729,152.243008,-20.399,6.399,1.729,-0.0444556270936824,5.998,0.025,-0.97672,0.1170171012054948,-4.968,90.696,8.267,12.37,-20.399,50.08,53.944,-2.661,-7.997,0.626,-6.38345,0.116,-48.911,53.134
-3.104,118.429,65.9,2018-09-30 00:00:00,-0.0784883720930232,14.692,76.028,0.0,1.5619999999999998,5.023,52.196,5.023,59.93,1.931,-32.005,5.343,10.825,56.568,-4.644,24.42,158.41,0.0323899999999999,-0.03239,0.119,-32.64,174.664,61.861,-5.915,-0.873,4.039,1.63361,0.164,174.664,0.0,2.64,-0.1001655690119353,92,10.255,49.872,14.04,159.972,4.237,-0.05313,-8.6,0.202,-32.005,1.63361,1.666,-7.925,1.919,1.931,191.05,-32.005,24.08,1.931,-0.0362282810725772,8.127,0.236,1.63361,0.2056920556920556,-4.644,118.096,9.843,14.04,-32.005,61.861,65.145,1.666,1.075,0.623,-5.71099,0.001,-52.942,56.568
-5.535,141.25,81.082,2018-12-31 00:00:00,-7.93351548269581,21.208,74.983,0.0,1.366,11.642,42.252,11.642,72.752,4.068,-20.064,17.42,15.8,64.43,-5.02,33.907,165.19,1.504950000000001,-1.50495,0.122,-42.447,187.764,76.82,2.748,0.842,4.262,6.56405,-3.46,187.764,0.098,0.25,0.042814527556119,92,-7.524,42.252,13.5,166.556,1.974,0.45705,1.098,2.137,-20.064,6.56405,8.069,-7.613,6.107,4.068,207.636992,-20.064,12.451,4.068,0.0152010124052547,9.75,0.478,6.56405,0.3433509304863302,-4.922,123.334,14.997,13.5,-20.064,76.82,87.996,8.069,4.384,0.58,2.58345,-2.499,-55.902,64.43
-5.411,154.79,90.726,2019-03-31 00:00:00,0.8120840630472854,16.526,76.728,0.0,1.3290000000000002,5.107,46.596,5.107,88.172,0.0,-28.254,23.859,14.542,66.618,-5.31,29.14,186.084992,0.5940799999999999,-0.59408,0.122,-52.695,203.94,88.172,7.193,0.0,3.886,-0.14608,1.122,203.94,-0.01,2.453,0.1172440879638069,90,3.107,44.522,13.6,187.413992,4.021,0.15792,-5.71,-4.068,-28.254,-0.14608,0.448,-10.347,-0.304,0.0,238.78,-26.97,17.907,0.0,0.0421397279774615,4.995,0.242,-0.14608,0.1752573781743308,-5.32,137.322,12.716,13.6,-26.97,86.84,105.302,0.448,-4.063,0.543,7.07486,-1.76,-43.596,66.618
-3.38,178.82,100.39,2019-06-30 00:00:00,-0.4920123113000146,32.577,79.903,0.0,3.725,4.352,52.317,4.352,96.117,1.669,-26.812,26.124,27.664,81.034,-4.936,31.884,197.439008,8.53753,-8.53753,0.123,-66.272,233.741,97.786,8.694,-2.542,3.963,3.24147,-3.487,233.740992,0.059,-6.428,0.1683419295211973,91,2.775,50.582,12.99,201.164008,-4.848,2.26947,-6.823,1.669,-26.812,3.24147,11.779,-3.466,0.972,1.669,263.711008,-26.812,23.346,1.669,0.0598194789286143,5.135,0.251,3.24147,0.1364947936268975,-4.877,152.707,16.243,12.99,-26.812,96.427,119.351,11.779,4.206,2.22,11.29305,0.018,-29.351,81.034
-1.981,186.192,104.203,2019-09-30 00:00:00,15.460465116279073,21.846,81.705,0.0,3.552,6.139,45.635,6.139,100.212,1.16,-19.133,27.24,19.488,84.82,-5.196,33.087,209.26,-1.7143000000000002,1.7143,0.123,-79.715,234.658,101.372,10.933,-0.52,4.217,3.7023,5.887,234.658,-0.228,3.168,0.1890081195009477,92,-4.697,44.175,10.63,212.812,4.785,-0.4557,-0.215,-0.509,-19.133,3.7023,1.988,-3.539,4.158,1.16,288.975008,-19.083,15.594,1.16,0.0652871822184001,2.98,0.319,3.7023,0.1855411490917883,-5.424,149.838,10.275,10.63,-19.083,99.986,128.018,1.988,0.011,2.451,13.36174,0.0,-24.965,84.82
-1.964,190.814,112.19,2019-12-31 00:00:00,-1.4274469033120452,23.248,81.43,0.0,2.762,-2.001,42.963,-2.001,105.197,1.452,-25.102,20.66,20.431,84.165,-5.333,26.736,213.308,2.40002,-2.40002,0.125,-94.124,239.318,106.649,9.684,-1.83,6.955,-3.32702,-0.508,239.318,0.073,4.94,0.1405274740065278,92,2.404,41.549,10.04,216.07,6.575,0.63798,6.7330000000000005,0.292,-25.102,-3.32702,-0.927,-2.878,-3.965,1.452,307.432,-25.102,22.224,1.452,0.0488938424002884,3.17,0.236,-3.32702,-0.074842908438061,-5.26,155.153,11.894,10.04,-25.102,105.235,127.91,-0.927,2.122,2.338,10.44084,0.001,-20.23,84.165
-1.833,195.468,112.782,2020-03-31 00:00:00,-1.0368627450980392,23.133,82.739,0.0,2.614,1.7,42.615,1.7,105.698,1.262,-15.038,10.19,20.333,88.508,-4.914,28.955,218.158,2.50351,-2.50351,0.125,-107.631,243.905,106.96,1.032,0.0,7.491,0.53249,-0.293,243.904992,-0.008,-2.074,0.0534950943104315,91,-0.535,40.946,4.26,220.772,-0.918,0.66549,5.1000000000000005,-0.19,-15.038,0.53249,3.036,-0.188,-0.133,1.262,325.788992,-15.038,14.85,1.262,0.0185298041693854,-0.002,0.001,0.53249,0.0587117941633569,-4.922,155.397,8.192,4.26,-15.038,105.291,120.662,3.036,-0.188,2.221,4.14924,0.0,-10.071,88.508
-1.702,183.843,116.496,2020-06-30 00:00:00,-0.9143111111111112,15.922,84.556,0.0,2.092,1.918,36.52,1.918,107.882,1.564,-18.158,7.756,12.504,74.397,-4.522,27.813,209.399008,-18.29403,18.29403,0.127,-126.59,227.413,109.446,0.276,0.0,8.571,-4.64697,1.273,227.412992,0.01,24.204,-0.0481139541018201,91,1.718,34.647,7.2,211.491008,25.577,-4.86297,-22.5,0.302,-18.158,-4.64697,-22.941,-1.928,0.216,1.564,335.988992,-18.158,16.23,1.564,-0.0162167090808435,2.23,-0.19,-4.64697,0.0689605580124402,-4.512,153.016,8.08,7.2,-18.158,107.925,116.591,-22.941,0.572,2.092,-3.7392,0.0,-8.533,74.397
-1.728,162.631,121.203,2020-09-30 00:00:00,8.954198473282442,13.029,85.749,0.0,1.963,1.084,47.292,1.084,109.442,1.251,-14.816,2.701,9.437,51.938,-3.891,23.063,205.440992,-12.41564,12.41564,0.127,-147.49,220.433,110.693,-4.526,-0.009,11.674,-3.94436,0.003,220.432992,0.011,16.774,-0.144144108571345,92,1.722,39.947,7.69,207.403992,17.809,-3.30036,-0.131,-0.313,-14.816,-3.94436,-16.36,-1.304,-0.644,1.251,352.931008,-14.816,13.512,1.251,-0.0433163045336656,0.991,-0.116,-3.94436,0.0470016910202488,-3.88,168.495,8.858,7.69,-14.816,109.529,106.567,-16.36,-0.304,1.963,-9.85643,0.0,-6.298,51.938
-1.634,155.501,121.556,2020-12-31 00:00:00,-0.1964675530859296,14.024,82.976,0.0,1.835,4.896,41.951,4.896,112.571,1.36,-10.25,9.598,11.614,41.57,-4.662,29.187,189.218,-11.138,11.138,0.134,-177.668992,205.077,113.931,2.702,-3.94,8.587,3.262,-2.607,205.076992,-0.034,12.255,0.0429792818228814,92,-2.462,39.715,10.09,191.053,13.518,0.0,5.039,0.109,-10.25,3.262,-7.876,4.049,3.262,1.36,366.887008,-10.25,14.299,1.36,0.012160353058164,-3.94,0.34,3.262,0.167745914276904,-4.696,163.507,11.471,10.09,-10.25,112.969,109.018,-7.876,4.049,1.835,2.702,-0.001,0.629,41.57
-1.916,167.361,126.248,2021-03-31 00:00:00,-0.4719795251963642,16.413,84.592,0.0,1.786,10.866,52.724,10.866,118.522,1.178,-27.147,18.764,13.625,47.661,-3.545,31.18,208.434,0.0,3.51313,0.134,-187.78,226.633,119.7,11.784,-0.171,7.077,8.01613,-4.627,226.632992,1.121,4.652,0.0394627264649076,90,1.61,46.536,9.46,210.22,4.991,-0.93387,-11.331,-0.182,-27.147,8.01613,4.503,-5.982999999999997,8.95,1.178,396.214016,-27.147,21.164,1.178,0.0179208911644421,5.801,0.388,8.01613,0.3484926234765875,-2.424,178.972,13.324,9.46,-27.147,119.171,111.243,4.503,0.017000000000003,1.786,4.21623,0.0,-5.166,47.661
-44.405,160.114,130.6,2021-06-30 00:00:00,-2.682317682317682,21.525,85.017,0.0,1.652,11.697,71.914,11.697,122.805,0.782,-18.873,28.543,19.144,36.527,-3.428,36.779,215.864,0.0,-16.70771,0.134,-200.051008,239.041,123.587,-21.14,-0.056,7.401,-28.26671,-3.515,239.040992,0.001,22.575,-0.3774285096101836,91,-8.084,43.848,14.93,217.516,22.926,4.44129,2.002,-0.424,-18.873,-28.26671,-11.559,-3.3680000000000003,-32.708,0.782,415.915008,-18.873,15.505,0.782,-0.0897535050316989,2.944,0.527,-28.26671,0.3180347480899426,-3.427,202.514,17.819,14.93,-18.873,123.199,120.209,-11.559,-0.3680000000000003,1.652,-20.93294,-42.298,-6.606,36.527
