Non-Operating Income (Loss),StockBased Compensation,Line of Credit Available,Equity Charge,WACC Discount Factor,Other Accrued Liabilities,Operating Leases,Line of Credit,Total Current Liabilities,BALANCE SHEET,Total Liabilities & Equity,Operating Income,NonCash Items,Days in Period,Net Share Repurchases,"Cash, Cash Equivalents & STI",Misc LT Assets,Rental Expense - Years 2 - 5,"Selling, General & Admin",Revenue,ST Debt,-Net Share Repurchases,LTM Basic EPS,Rental Expense - Year 1,ST Capital Leases,Rental Expense Beyond Year 5,Dep & Amort,Work In Process,Total Liabilities / Tangible Assets,Current Liabilities,Other Adjustments,Free Cash Flow (LTM),Deferred Compensation,Other Operating Expenses,Free Cash Flow to Firm,ST Deferred Tax Assets,Cash (Repurchase) of Equity,Free Cash Flow to Equity,Deferred Tax Liabilities,Repayments of LT Debt,Other PostRet Benefits,Effect of Foreign Exchanges,Income (Loss) from Cont Ops,year + weight + convention,Free Cash Flow to Firm Model,Dividends,Net Extraordinary Losses (Gains),Net Cash From Disc Ops (fin),Period Weight,Pretax Income,LT Marketable Securities,ST Borrowings,Dividend Yield (LTM),Free Cash Flow per Share,LT Receivables,Prepaid Expenses,Cash % of Revenue,Diluted - Basic Shares,Diluted EPS,Operating Margin,Operating Expenses,Line of Credit Used,Interest & Dividends Payable,PP&E Gross,EBITDAR,A = L + SE,Inventories,Discontinued Operations NI,PV of Free Cash Flow to Firm,Pensions,Raw Materials,Other Non-Op Income (Loss),Bull,Discounted Residual Income (Bear)
0.0,0.0,0.0,2011-03-31 00:00:00,0.0,0.0,0.0,0.0,0.0,0.0,0.0,0.0,0.0,0.0,0.0,118.08075,0.0,0.0,0.0,0.0,0.0,0.0,0.0,0.0,0.0,0.0,0.0,91.7145,0.0,0.0,0.0,0.0,0.0,0.0,0.0,0.0,90,0.0,0.0,0.0,0.0,0.0,0.0,0.0,0.0,0.0,0.0,0.0,0.0,0.0,0.0,0.0,0.0,0.0,0.0,0.0,0.0,0.0,0.0,0.0,0.0,0.0,0.0,0.0,0.0,0.0,321.876256,0.0,0.0,0.0,94.425578,0.0,-318.386496,0.0
0.0,0.0,0.0,2011-06-30 00:00:00,0.0,0.0,0.0,0.0,0.0,0.0,0.0,0.0,0.0,0.0,0.0,145.7165,0.0,0.0,0.0,0.0,0.0,0.0,0.0,0.0,0.0,0.0,0.0,111.315,0.0,0.0,0.0,0.0,0.0,0.0,0.0,0.0,91,0.0,0.0,0.0,0.0,0.0,0.0,0.0,0.0,0.0,0.0,0.0,0.0,0.0,0.0,0.0,0.0,0.0,0.0,0.0,0.0,0.0,0.0,0.0,0.0,0.0,0.0,0.0,0.0,0.0,384.289504,0.0,0.0,0.0,95.012452,0.0,-333.18,0.0
-12.779,1313.211008,885.417984,2011-09-30 00:00:00,0.0,116.996,0.0,10.059,143.45000000000002,55.577,152.874,55.577,846.750976,28.249,-159.816,173.35225,26.797,438.211008,-18.464,133.44,1216.05696,31.3885,-31.3885,0.0,-835.563008,1476.502992,875.0,130.9155,-90.203,10.418,26.8575,-9.303,1476.50304,-0.711,-42.826,0.0,92,-20.823,116.829,0.0,1359.50696,-5.773,-15.9405,0.0,6.197,-159.816,26.8575,58.246,-88.201,42.798,28.249,2051.619968,-159.815,71.615,28.249,0.0,94.397,0.0,26.8575,0.0,-19.175,1038.291984,0.429,0.0,-159.815008,875.0,446.702752,58.246,0.0,23.198,95.599326,0.003,-347.973504,438.211008
-15.499,1396.974032,653.278016,2011-12-31 00:00:00,0.0,122.938,952.651008,13.902,126.205,41.022,214.360992,41.022,608.958976,28.002,-187.558,200.988,20.801,760.013008,-12.83,140.331008,1378.509056,-15.055300000000004,15.0553,1.276,-896.785024,1627.652016,636.961024,150.516,-4.338,16.317,16.6213,21.14,1627.651968,-2.389,23.432,0.1642647307616729,92,21.14,183.33,446.0,1504.714056,25.251,-8.9017,0.0,-0.247,-187.558,16.6213,1.566,-77.155,25.523,28.002,2275.293952,-187.523,110.403,28.002,0.0713597247447192,76.873,4.829,16.6213,0.0,-15.219,867.639008,2.318,446.0,-187.523008,636.961024,509.116,1.566,-820.694016,29.319,96.1862,0.0,-362.767008,760.013008
-14.668,1570.408,804.038976,2012-03-31 00:00:00,0.0,133.323,954.897984,15.105,108.71,58.75,205.948,58.75,769.700992,12.212,-252.192,199.9535,32.175,788.494976,-17.531,152.616992,1556.449024,-2.011099999999999,2.1671,1.281,-948.307968,1798.481952,781.913024,134.494,0.0,22.126,28.2461,-18.017,1798.482048,-1.26,0.48,0.0,91,-4.9,153.905,468.8,1665.159024,17.484,-15.8359,0.0,-15.79,-252.192,28.2461,26.235,-160.79,44.082,12.212,2504.756992,-252.192,91.402,12.212,0.0,145.0,5.175,28.2461,0.3849505826978951,-18.791,1009.986976,8.521,468.8,-252.192,781.913024,534.037992,26.079,-15.79,28.255,86.2253,0.0,-413.082264,788.494976
-21.659,1873.920992,1069.854016,2012-06-30 00:00:00,0.0,244.646,957.486016,17.919,114.887,49.969,224.026,49.969,905.377984,146.484992,-233.672992,205.318,26.329,822.058016,-14.41,147.995008,1756.404992,13.059749999999998,-13.16575,1.283,-1008.596992,2115.938032,1051.862976,140.713,-10.476,17.991,17.91525,16.799,2115.938048,-0.283,-13.793,0.0,91,9.289,176.36,416.0,1871.291992,6.219,-10.39475,0.0,134.272992,-233.672992,17.91525,30.975,-125.285,28.31,146.484992,2765.001984,-233.638992,108.388,146.484992,0.0,259.524,3.867,17.91525,0.3376397668764611,-14.693,1293.880016,5.816,416.0,-233.639008,1051.862976,574.383008,31.081,144.749008,37.096,89.64015,0.0,-451.431,822.058016
-24.41,1952.18796,1124.85504,2012-09-30 00:00:00,0.0,128.141,960.252992,19.712,96.739,44.2,232.384992,44.2,1105.629952,29.117,-251.035008,193.941,16.779,817.440992,-14.221,150.828992,1949.80096,-20.36115,20.24815,1.282,-1072.521984,2174.681024,1134.746968,117.705,0.0,23.043,12.97715,2.325,2174.681088,-0.17,31.877,0.0,92,-4.629,180.839,439.6,2046.53996,30.49,-6.81285,0.0,-117.368,-251.035008,12.97715,-7.384,-167.368,19.79,29.117,3022.322944,-251.035008,83.667,29.117,0.0414987562084406,50.0,2.509,12.97715,0.2930471086089338,-14.391,1357.240032,2.197,439.6,-251.035008,1101.811968,591.772,-7.271,-117.368008,35.825,75.7598,0.0,-530.598,817.440992
-30.899,2048.483072,1244.513024,2012-12-31 00:00:00,0.0,137.436992,962.707008,24.493,86.976,44.024,262.068,44.024,1183.536,33.224,-203.904,196.85,20.373,831.723008,-13.49,157.456,2113.890944,2.352549999999999,-2.39655,1.283,-1139.796992,2338.304032,1216.760064,86.428,499.672992,27.753,9.47545,6.742,2338.304,-3.355,4.279,0.0707938997844476,92,1.049,180.602,363.2,2200.866944,11.655,-3.64955,0.0,4.107,-203.904,9.47545,11.828,-110.585,13.125,33.224,3253.688064,-203.885,93.319,33.224,0.0284131243284645,114.673,2.0460000000000003,9.47545,0.2795955695559394,-16.845,1506.581024,3.016,363.2,-203.884992,1216.760064,608.803968,11.872,-495.566,35.002,56.3426,-6.123,-564.028032,831.723008
-25.398,2187.180008,1384.08896,2013-03-31 00:00:00,0.0,144.982,965.049024,25.828,79.792,48.181,230.352992,48.181,1320.681984,31.024,-198.447008,185.877,25.015,835.474024,-16.417,167.380992,2225.142016,-13.0764,13.3484,1.293,-1195.299968,2449.915976,1351.705984,89.634,0.0,32.383,14.4854,-5.013,2449.915904,-3.999,19.885,0.0720585183584169,90,-29.138,157.257,365.8,2304.934016,24.365,-8.2976,0.0,-2.2,-198.447008,14.4854,1.409,-135.387008,22.783,31.024,3420.442112,-198.447008,63.06,31.024,0.0275446889208932,134.125,2.333,14.4854,0.2878522789493326,-20.416,1614.441952,5.59,365.8,-199.384992,1351.705984,626.418,1.137,-0.387008,33.704,58.5104,0.015,-538.625008,835.474024
-25.98,2322.35604,1476.992,2013-06-30 00:00:00,0.2849714915122455,199.875008,969.468032,29.799,74.894,58.395,264.916,58.395,1403.06304,43.588,-194.559008,194.469,66.435,875.705032,-20.495,178.276992,2342.843904,15.419899999999998,-14.9019,1.294,-1261.517952,2617.613032,1446.651008,93.905,-0.714,30.341,20.3921,6.025,2617.613056,-0.836,-19.941,0.0719691126178875,91,6.991,155.549,411.1999999999999,2417.737904,4.86,-12.0229,-61.736,12.564,-194.559008,20.3921,35.812,-79.329,32.415,43.588,3604.361984,-194.559008,115.23,43.588,0.025812861700542,94.242,3.456,20.3921,0.3275520825480385,-21.331,1741.908,48.886,411.1999999999999,-196.908,1446.651008,655.790992,35.294,15.670992,32.102,61.09325,0.012,-492.669008,875.705032
-24.822,2246.94704,1077.009024,2013-09-30 00:00:00,0.5674361576188058,352.847008,1276.572032,24.212,70.945,53.351,207.8,53.351,786.324992,265.27,-208.367008,203.797,9.801,1195.352032,-24.405,166.771008,2056.369024,-3.605599999999999,4.3316,1.426,-1317.54496,2480.161056,1051.595008,102.821,0.0,25.414,16.1486,-3.801,2480.161024,-1.395,3.593,0.0639685245649977,92,7.507,146.172,593.5999999999999,2127.314024,19.838,-12.3804,-70.956,221.682,-208.367008,16.1486,12.543,-111.219,28.529,265.27,3373.914112,221.335008,97.148,265.27,0.0276605300248688,-96.801,3.11,16.1486,0.3199057236615131,-25.8,1284.809024,7.014,593.5999999999999,221.335008,1051.595008,670.868,11.817,-76.516992,25.011,64.3777,0.059,-436.520008,1195.352032
-27.093,2323.793952,1097.534976,2013-12-31 00:00:00,-0.1215038177289615,307.608992,1285.235968,43.317,111.827,58.17,253.968992,58.17,853.385024,198.152992,-175.352,218.096,32.138,1272.255968,-17.285,156.574,2204.324096,52.26709999999999,-52.3601,1.427,-1364.875008,2623.759936,1051.537984,117.961,-2.273,45.997,15.9689,19.247,2623.759872,-9.123,-83.825,0.0656347318938228,92,5.342,152.53,553.8,2316.151096,-32.63,-15.1081,-97.964,-67.117,-175.352,15.9689,68.236,-86.061,31.077,198.152992,3569.199104,-154.926,89.291,198.152992,0.0278299714719996,-1.482,1.81,15.9689,0.371517621060968,-26.408,1351.503968,12.698,553.8,-154.926,1051.537984,669.001984,68.329,-65.635,26.188,69.047048,-3.081,-411.996,1272.255968
47.773,2777.080024,1546.43904,2014-03-31 00:00:00,-0.4184728170138637,650.790976,1288.793984,39.636,56.013000000000005,58.483,259.542,58.483,953.96,547.518976,-208.234,228.399,22.335,1275.600984,-27.654,171.879008,2374.778112,-69.13530399999999,69.135296,1.437,-1414.42304,3081.582024,1501.47904,198.277,-7.796,44.96,68.922304,-14.669,3081.58208,-0.124,100.576,0.1150427185579187,90,-26.289,203.894,517.1999999999999,2430.791112,105.012,-37.3337,-137.77,349.366016,-208.234,68.922304,-0.213,-80.117,106.256,547.518976,3789.200896,-207.966,128.117,547.518976,0.043905612675353,440.515008,2.701,68.922304,0.3402567927317802,-27.778,1805.98104,17.314,517.1999999999999,-219.266,1501.47904,673.501008,-0.213,-79.849,32.646,121.431904,76.743,-356.726,1275.600984
-30.504,2765.728032,1582.061056,2014-06-30 00:00:00,-0.1417792992791921,530.620992,1296.401024,28.345,72.201,60.141,334.668,60.141,1101.91296,399.505984,-252.12,230.145,35.395,1264.309024,-29.552,178.624,2578.215936,-57.1905,38.2915,1.437,-1467.171968,3181.03808,1501.419008,195.499,0.005,80.642,19.3925,17.727,3181.03808,-0.588,68.473,0.1125528158680468,91,13.33,168.165,619.6,2650.416936,64.495,-10.2445,-163.28900000000002,-148.012992,-252.12,19.3925,-18.899,-140.138,29.637,399.505984,4045.388032,-251.791,111.982,399.505984,0.0415380408910324,-0.033,3.573,19.3925,0.3366904783231816,-30.14,1916.729056,20.447,619.6,-259.962,1501.419008,673.848016,-18.899,317.987,31.33,120.432304,0.194,-417.535,1264.309024
-30.577,2931.052984,1660.039936,2014-09-30 00:00:00,1.045732945129693,190.460992,1303.379968,32.562,77.59700000000001,73.695,318.174016,73.695,1520.598016,55.76,-537.44,250.489,30.934,1354.694968,-27.078,204.772,3064.850944,139.35055,-55.943552,1.437,-1530.322048,3332.90892,1576.358016,210.088,0.0,83.682,27.46345,-10.966,3332.909056,-0.675,-81.142,0.1033291966775514,92,18.058,247.63,448.2,3142.447944,-29.17,-15.65455,-196.117,-343.745984,-537.44,27.46345,83.407,-401.203008,43.118,55.76,4595.172864,-536.41,136.236992,55.76,0.0453279083812456,74.537,3.327,27.46345,0.359888070634657,-27.753,1978.213952,18.159,448.2,-554.52,1576.358016,711.849008,83.407,-325.173008,31.46,131.747154,0.033,-707.519008,1354.694968
-31.103,3364.495968,1944.322944,2014-12-31 00:00:00,0.9549498327759196,365.252992,1310.608,143.028,213.214,66.088,425.024992,66.088,1771.974016,29.321,-355.752992,335.191008,209.002992,1563.200992,-21.76,266.851008,3354.082048,191.7942,-191.794208,1.437,-1608.64704,3932.548928,1801.294976,213.996,7.791,143.028,9.4838,31.745,3932.54912,-1.3,-285.932,0.0883540464673461,92,-8.209,190.691992,207.0,3567.296048,-150.997,-25.5012,-119.6,-26.439,-355.752992,9.4838,201.278,-233.812,34.985,29.321,4962.72896,-355.629992,121.941,29.321,0.0382111484229448,224.832992,2.7840000000000003,9.4838,0.2476587984258242,-23.06,2369.347936,14.402,207.0,-373.212992,1801.294976,898.785984,201.278,-8.688992,37.138,125.262048,-0.016,-855.270016,1563.200992
-95.865,4170.341984,1443.07904,2015-03-31 00:00:00,2.454898195359496,901.603968,2066.990976,36.244,232.96,43.563,892.832,43.563,1282.13696,569.092992,-268.086,243.487,213.121,2319.111968,-21.855,213.835008,3520.459008,0.0,-36.057448,2.139,-1680.364032,4655.023008,1851.230016,55.438,-6.427,143.079,-36.529448,-28.714,4655.023104,-1.656,-32.65,0.0110219103803423,90,-20.386,148.585,260.8,3753.419008,-24.219,15.77255,-69.82000000000001,539.772032,-268.086,-36.529448,-0.472,-241.220992,-52.302,569.092992,5200.822784,-268.051,26.865,569.092992,0.0051211872724149,795.452992,-0.01,-36.529448,0.2037224886955835,-23.511,2335.91104,0.0,260.8,-282.545984,1300.0,864.082016,-0.472,-191.186,42.023,19.810302,-63.018,-1016.374,2319.111968
-20.883,3353.946912,1463.008,2015-06-30 00:00:00,1.0074699687068878,314.744992,2073.859968,38.008,302.004,34.715,310.073984,34.715,1367.406976,57.593,-147.1,218.061,140.274,1928.946976,-23.208,228.927008,3085.28,-411.2628,411.262784,2.139,-2239.15904,3702.02896,1424.999936,39.633,-0.332,38.008,14.2288,0.373,3702.029056,-3.579,635.052992,0.0091734593155074,91,-7.113,118.296,251.6,3387.284,419.474992,0.3968,-29.719,-511.5,-147.1,14.2288,-397.033984,-59.66,13.832,57.593,5324.43904,-147.1,87.44,57.593,0.0042558358681102,-451.84,0.848,14.2288,0.1516422212620714,-26.787,1773.081984,0.0,251.6,-147.1,1424.999936,914.385024,-397.033984,-510.86,31.925,14.646602,0.173,-935.896,1928.946976
-21.152,2504.248,1452.263936,2015-09-30 00:00:00,-1.418826075196105,375.441984,2081.378048,36.698,337.978,45.133,291.548992,45.133,1339.163008,76.403,-118.941,189.499,198.363992,1088.682048,-22.913,216.482,2119.074944,-866.0289,866.028928,2.138,-3212.194048,2832.494976,1415.565952,20.496,0.0,36.698,18.2459,2.665,2832.495104,0.0,831.460992,0.0044438921741907,92,12.609,72.93,188.6,2457.052928,879.595992,-5.7351,18.485,18.81,-118.941,18.2459,-847.782976,-7.742,23.981,76.403,5331.26912,-53.715,111.199,76.403,0.0017611341800502,9.842,1.172,18.2459,0.2084838462320193,-22.913,1743.812928,14.207,188.6,-102.231,1415.565952,926.095024,-847.782976,67.484,11.853,5.429052,0.092,-542.434992,1088.682048
-21.235,1547.673088,1465.025024,2015-12-31 00:00:00,-0.8032682512733446,332.232,2088.790016,48.799,280.8,41.286,216.815008,41.286,1385.072,31.154,-98.786,164.696992,213.378992,131.44704,-22.449,202.676992,1200.254976,-977.427093,977.427072,2.138,-4218.941952,1813.287072,1416.226048,68.703,-0.062,48.799,12.780093,-6.201,1813.28704,0.0,984.460032,0.0508219892117397,92,-2.839,76.053,159.8,1481.054976,991.036032,-7.270907,-42.408,-45.249,-98.786,12.780093,-964.646976,-8.343,20.051,31.154,5419.196928,-98.786,90.443,31.154,0.0149891820096728,-0.062,2.025,12.780093,0.2037034376353878,-22.449,1681.840032,14.574,159.8,-135.63,1416.226048,861.921024,-964.646976,-8.343,10.833,43.062692,0.038,-316.654016,131.44704
-21.308,1431.173888,1526.806016,2016-03-31 00:00:00,-0.0291418603769293,280.857984,2091.997952,49.682,268.573,48.363,156.074,48.363,1464.795008,12.095,-107.722,169.497,183.59,-45.716096,-19.451,170.644,1087.732992,-134.82689999999997,134.826896,2.134,-4417.83296,1637.16392,1476.889984,84.919,0.0,49.916,-45.5441,-10.483,1637.164032,0.0,190.328,0.0,91,1.244,67.039,158.6,1356.305984,194.166,-72.599104,-52.742,-19.059,-107.722,-45.5441,-180.371008,-51.205,27.055,12.095,5505.566208,-107.504,56.517,12.095,-9.195753201450871e-05,58.588,1.114,-45.5441,0.2834145941257823,-19.451,1682.880016,8.538,158.6,-134.164,1476.889984,818.73,-180.371008,9.013,10.337,-0.289307,0.099,-126.95,-45.716096
-19.805,1402.03904,1447.17696,2016-06-30 00:00:00,-0.5215177192469842,211.262,2218.308096,50.56,254.71,63.806,153.812,63.806,1373.568,19.309,-93.577,198.588,96.424,9.161984,-20.502,191.742,1144.178944,-75.03145,75.031448,2.272,-4488.875008,1610.150944,1392.877056,115.088,0.0,54.3,3.59945,10.778,1610.15104,0.0,114.77,-0.0112673303981835,91,-1.474,54.36,209.6,1398.888944,120.843,-40.401552,-23.957,7.214,-93.577,3.59945,-71.432,-11.463,44.001,19.309,5633.054208,-93.445,82.114,19.309,-0.0041108007645379,34.566,1.993,3.59945,0.3327700764569056,-20.502,1600.98896,0.0,209.6,-109.466,1392.877056,781.544992,-71.432,-96.013,8.414,-10.918657,0.011,-78.753,9.161984
-22.779,1540.332928,1409.091968,2016-09-30 00:00:00,4.195259396967408,190.396,2386.761984,52.759,260.41,67.09,160.255008,67.09,1322.872064,30.36,-196.248992,220.545,70.791,187.100928,-26.105,201.332,1305.641984,-22.6369,22.6369,2.42,-4480.160768,1756.447904,1353.232,135.418,0.0,55.86,32.1219,4.49,1756.448,-1.582,35.186,0.0046361223744688,92,17.343,78.577,258.0,1566.051984,44.837,-12.1891,-17.213,11.051,-196.248992,32.1219,9.485,-89.426,44.311,30.36,5785.802752,-196.233992,106.823,30.36,0.0012888993970843,116.493,2.406,32.1219,0.3332306836469116,-27.687,1569.346976,0.0,258.0,-212.264992,1353.232,766.394992,9.485,-129.728992,8.626,2.957343,0.033,-160.437,187.100928
-19.828,1534.48192,1413.827968,2016-12-31 00:00:00,-1.520941873531515,154.776992,2398.654976,54.225,260.701992,80.418,187.944992,80.418,1321.236992,32.672,-100.642,259.676992,27.175,180.572928,-25.698,219.272,1366.866944,-57.199,57.199,2.419,-4514.183168,1782.345888,1353.908992,175.956992,0.0,59.919,38.778,12.927,1782.345984,-0.627,79.765,0.7218255980335208,92,2.304,45.899,282.8,1627.568944,89.432,-21.812,-19.578,2.312,-100.642,38.778,-18.421,10.199,60.59,32.672,5881.050112,-100.61,110.841,32.672,0.0626382054277183,-0.022,3.023,38.778,0.3667499726367252,-26.325,1601.77296,0.0,282.8,-108.507,1353.908992,782.990016,-18.421,10.231,8.031,112.612,0.032,-141.895008,180.572928
-19.507,1602.500864,1403.35104,2017-03-31 00:00:00,1.1184294666837191,152.628992,2402.715904,53.735,264.482992,56.67,162.335008,56.67,1319.23904,30.352,-113.476,267.984,43.406,252.909824,-25.597,194.35,1401.484032,44.492,-44.492,2.426,-4544.546816,1818.595872,1349.59104,186.065,0.0,53.76,23.784,-31.999,1818.595968,-1.026,-33.509,0.0,90,-14.319,69.257,292.0,1665.96704,-24.285,-13.379,-23.457,-2.32,-113.476,23.784,68.276,-49.692,37.163,30.352,5946.031104,-53.961,63.784,30.352,0.056880888719124,-12.143,2.227,23.784,0.2915873424234628,-26.623,1565.686048,8.286,292.0,-53.961,1349.59104,806.696,68.276,4.823,7.615,98.28335,0.145,-140.382,252.909824
-20.653,1714.679936,1444.768,2017-06-30 00:00:00,-0.2936227839789888,167.664,2413.099008,54.491,274.304,60.013,172.083008,60.013,1355.252992,35.024,-127.543,264.191,51.943,324.402944,-22.008,194.952992,1499.286016,35.92,-35.92,2.425,-4578.830848,1941.253952,1390.276992,181.424,-4.732,54.491,25.19,16.878,1941.254016,-1.437,-24.364,0.7187440281491465,91,9.681,64.477,210.4,1773.590016,-15.677,-14.17,-48.736,4.672,-127.543,25.19,61.11,-34.426,39.36,35.024,6078.116864,-123.617,93.117,35.024,0.0675078725798829,35.172,2.452,25.19,0.3078331826782119,-23.445,1616.851008,0.0,210.4,-123.617,1390.276992,809.906992,61.11,9.5,12.005,119.8739,0.049,-163.345,324.402944
-20.993,1787.19296,1496.84096,2017-09-30 00:00:00,0.1574380046550386,142.464992,2423.894016,55.511,292.542008,72.639,223.26,72.639,1420.150016,20.818,-155.43,269.74,23.184,346.225024,-25.0,218.004992,1631.31904,-22.026,22.026,2.425,-4616.24576,2066.325984,1440.967936,188.759,0.0,55.873,33.053,12.691,2066.326016,-1.443,46.969,0.4530250198662749,92,6.976,114.628,258.6,1923.861056,55.935,-18.593,-34.801,-14.206,-155.43,33.053,11.027,-40.28,51.646,20.818,6247.5648,-154.743,115.15,20.818,0.0632027943552915,49.959,2.7920000000000003,33.053,0.3331987920716971,-26.443,1720.10096,0.0,258.6,-179.315008,1440.967936,826.579984,11.027,10.407,11.762,120.805,0.0,-114.199,346.225024
-18.934,1557.433984,980.291008,2017-12-31 00:00:00,-1.50077038776184,235.382,2434.686976,188.052,19.522,76.314,277.419008,76.314,679.696,112.159,-167.464992,265.636,13.43,765.579008,-23.707,230.818,1768.385024,363.805164,-363.805152,2.425,-4657.465856,2023.289024,791.854976,185.548992,0.0,188.436,44.755836,7.985,2023.28896,-1.025,-349.847008,0.3059297233208853,92,0.23,159.075,212.2,1787.907024,-340.990008,-12.624162,109.036,91.341,-167.464992,44.755836,408.560992,-54.602,57.38,112.159,6425.85088,-167.435992,112.863,112.159,0.0760598439575396,-673.465024,3.637,44.755836,0.3306241281009279,-24.732,1257.710016,0.0,212.2,651.942976,791.854976,838.126016,408.560992,-728.052992,16.109,144.728,0.278,-179.0,765.579008
-13.065,1789.130112,906.035008,2018-03-31 00:00:00,6.516680118375033,185.192992,2383.300096,58.41,20.089,86.932,239.666,86.932,791.411008,55.889,-202.35,295.898,31.461,941.830144,-24.725,253.436,1882.24896,28.904,-28.904,2.383,-4699.395072,2087.531152,847.299968,222.253,-4.353,58.735,57.616,11.807,2087.531008,-1.106,-7.895,0.2688699471046741,90,12.954,128.242,174.2,1902.33796,1.444,-16.251,-7.434,-56.27,-202.35,57.616,86.52,-55.879,73.867,55.889,6581.643776,-201.329,146.471008,55.889,0.0822373860280777,-3.067,5.275,57.616,0.3430136207957827,-25.831,1145.701008,16.019,174.2,-199.674,847.299968,897.211984,86.52,0.142008,15.548,160.614836,0.453,-185.187,941.830144
-13.981,1861.911872,966.700032,2018-06-30 00:00:00,1.975194770305364,169.694,2367.184896,58.079,19.067,89.497,283.42,89.497,866.140992,36.604,-149.354,325.382,31.769,959.166848,-26.834,345.776,2020.525952,-25.450000000000003,25.45,2.352,-4746.413056,2209.28688,902.745024,258.409,-0.044,63.955,58.902,-3.661,2209.286912,-1.121,28.379,0.3027912267975842,91,-7.139,148.095,192.4,2039.592952,39.055,-16.614,-11.167,-19.285,-149.354,58.902,33.452,-33.224,75.516,36.604,6766.939136,-138.058,116.13,36.604,0.09363928190133,18.983,5.7,58.902,0.2588294155754014,-27.955,1250.120032,23.71,192.4,-154.398,902.745024,1048.034992,33.452,33.072,15.993,194.326836,0.443,-183.985,959.166848
-15.112,1978.302912,1045.393024,2018-09-30 00:00:00,-5.182853527364758,189.527008,2368.079872,61.257,17.078,95.067,259.268992,95.067,912.784,50.407,-198.815008,347.81,21.539,1015.111936,-23.397,270.403008,2113.169024,-5.928000000000004,5.928,2.34,-4798.526976,2319.773952,963.190976,286.718,1.928,82.202,60.978,0.76,2319.773952,-1.114,41.681,0.3265199469791814,92,-15.5,124.825,163.4,2130.247024,52.182,-18.977,12.644,13.803,-198.815008,60.978,55.05,-52.888,79.955,50.407,6911.695872,-198.699008,145.927008,50.407,0.1013437165689334,50.235,5.627,60.978,0.3515752309974303,-24.511,1304.662016,18.465,163.4,-182.359008,963.190976,1100.433008,55.05,7.228,17.078,222.251836,-0.267,-196.593,1015.111936
-14.676,2157.866112,1045.609984,2018-12-31 00:00:00,-2.5535386872020536,192.752,2377.625088,61.974,27.918,62.751,200.464992,62.751,938.484992,45.151,-154.695008,334.247008,53.28,1174.230144,-21.182,221.915008,2199.634944,112.075,-112.075,2.339,-4854.017024,2420.30512,983.635968,277.412992,0.0,61.974,37.498,-12.418,2420.304896,-6.265,-99.186,0.2230961739477348,92,10.842,117.76,72.39999999999999,2227.552944,-88.25,-10.577,16.362000000000002,-5.256,-154.695008,37.498,149.572992,-25.419,48.075,45.151,7053.651968,-154.525008,129.276,45.151,0.0973905388350595,19.993,4.457,37.498,0.2827704199258123,-27.447,1246.074976,13.445,72.39999999999999,-154.524992,983.635968,1091.529984,149.572992,-5.249008,16.888,216.382,0.441,-167.41,1174.230144
-14.68,2257.709952,1139.73504,2019-03-31 00:00:00,0.9718516272488376,172.73,2384.317952,60.79,22.382,51.422,203.622,51.422,1041.734016,44.544,-155.496,298.737,20.666,1171.431936,-21.519,205.032992,2319.676928,-38.452,38.452,2.392,-4913.383936,2514.788976,1086.278016,240.288,-2.612,64.353,28.961,-26.266,2514.78912,-0.113,56.18,0.1763520026820336,90,-39.639,113.062,61.8,2342.058928,63.49,-7.781,-39.576,-0.607,-155.496,28.961,-9.491,-78.038,36.742,44.544,7233.060864,-155.453,77.458,44.544,0.0809761141413586,77.388,2.186,28.961,0.2507986617100139,-21.632,1343.35704,13.056,61.8,-155.452992,1075.382016,1043.127008,-9.491,2.005,16.412,186.339,0.867,-189.569,1171.431936
-12.919,2395.849888,1104.923008,2019-06-30 00:00:00,2.716496111338518,192.515008,2383.824896,63.342,38.77,52.396,170.678,52.396,995.729024,55.8,-138.414,261.636,60.105,1344.320896,-11.056,200.804992,2388.636928,151.31,-151.31,2.375,-4975.302144,2619.921904,1051.528992,204.249,-0.034,63.342,22.072,4.022,2619.92192,-1.02,-91.534,0.1298109793633006,91,34.932,83.599,57.99999999999999,2427.406928,-90.206,-17.405,12.215,11.256,-138.414,22.072,173.382,45.397,39.477,55.8,7363.938816,-137.521,183.811008,55.8,0.061918631064079,-35.034,3.754,22.072,0.2609297681205057,-12.076,1275.601008,12.938,57.99999999999999,-137.520992,1041.580992,898.156,173.382,11.290008,12.972,149.509,2.846,-110.948,1344.320896
-14.635,2078.639096,1052.582016,2019-09-30 00:00:00,-0.3934077940997936,224.732,2383.385088,61.19,59.248,29.586,145.816992,29.586,967.694016,31.693,-85.613,196.155,110.67,1079.252096,-8.852,169.739008,1993.67104,-268.273,268.272992,2.377,-5438.30784,2277.651104,999.387,139.245,-0.004,61.19,3.644,-21.183,2277.650944,-1.005,326.518016,0.0880219470843166,92,-21.183,77.868,48.2,2052.91904,322.312016,-11.307,32.948,-24.107,-85.613,3.644,-264.628992,19.986,14.951,31.693,7431.979008,-79.702,105.599,31.693,0.0400985343252467,-50.004,4.229,3.644,0.1743028921201188,-9.857,1198.399008,12.826,48.2,-79.702,991.392,797.492,-264.628992,-24.103,12.643,92.175,0.556,-38.074,1079.252096
-14.623,2043.54088,1251.666944,2019-12-31 00:00:00,2.793050830397584,200.479008,2387.727872,64.042,35.394,65.55,170.896,65.55,1160.809984,40.857,-289.088992,277.665984,74.399,841.87392,-13.302,231.116992,2028.563968,-281.444,281.444,2.373,-5725.113856,2264.436864,1201.66696,220.742,2.65,64.042,39.723,-29.62,2264.436992,-11.272,319.044,0.1708572440038492,92,-38.233,95.35,57.4,2063.957968,320.314,-11.204,-47.688,9.164,-289.088992,39.723,-241.720992,-180.883008,50.927,40.857,7753.677824,-289.034992,108.206,40.857,0.0735293410470173,189.992992,3.643,39.723,0.2836225905882333,-24.574,1422.562944,22.47,57.4,-289.035008,1187.62496,886.030016,-241.720992,9.171008,12.007,172.232992,0.421,-193.538,841.87392
-24.879,2363.855864,1338.738048,2020-03-31 00:00:00,-0.5960545341871515,427.296,2390.428928,67.443,61.268,51.973,185.684,51.973,1221.409024,62.777,-136.966,199.505,288.931016,1079.669888,-12.562,252.238,2115.527936,55.93,-55.93,2.394,-5799.70304,2604.091936,1284.185976,132.449,-827.878016,67.443,18.716,9.977,2604.091904,-1.106,-50.764,0.074767830670995,91,19.612,118.18,7.596,2176.795936,-45.971,-8.378,-67.774,21.92,-136.966,18.716,74.646,-27.377,27.094,62.777,7915.231232,-136.915,109.589,62.777,0.0328802328498893,72.122,1.967,18.716,0.2060474631102371,-13.668,1524.422048,18.245,7.596,-159.791008,1271.294976,853.898992,74.646,872.674,12.871,84.155,0.091,-142.877008,1079.669888
-27.088,1660.550016,1336.779008,2020-06-30 00:00:00,-3.105570792680185,256.259008,2392.683008,63.343,54.228,63.468,157.788992,63.468,1268.782976,15.747,-108.803,211.179,171.399,376.019968,-10.659,197.46,1560.100992,-581.0039999999999,581.004032,0.119,-6429.793792,1870.587968,1284.530048,129.954,-0.19,63.945,35.549,8.75,1870.588032,-1.117,537.582976,0.1170128572845433,91,8.75,68.737,13.86,1614.328992,532.103976,-0.831,22.241,-47.03,-108.803,35.549,-545.454976,-46.83,36.38,15.747,7989.895168,-108.126,61.973,15.747,0.0448283161938753,-0.19,1.346,35.549,0.3214220601640838,-11.776,1494.568,19.695,13.86,-108.813,1272.834048,850.554,-545.454976,-46.153,13.97,100.651,-0.016,-235.104008,376.019968
-26.295,1383.985952,1296.702976,2020-09-30 00:00:00,0.1229649122807017,199.512992,2395.60704,64.384,25.731,86.59,143.108,86.59,1202.215936,40.258,-38.049,268.183,98.957,141.511936,-11.473,231.727008,1356.078976,-286.86,286.86,0.12,-6669.536768,1581.322912,1242.474016,175.298,-0.012,66.041,49.428,-8.36,1581.323008,-1.102,301.192,0.2399071338301029,92,-8.36,71.151,9.8,1381.809976,300.835,-10.867,57.0,24.511,-38.049,49.428,-237.432,64.009,60.295,40.258,8025.615872,-37.535,102.058,40.258,0.0758932305951983,-40.012,2.97,49.428,0.3736724551330676,-12.575,1439.810976,17.828,9.8,-37.535,1230.662016,912.542,-237.432,24.523,16.614,146.435,0.533,-191.081008,141.511936
-25.067,1178.462248,1266.457984,2020-12-31 00:00:00,0.1571385030696217,136.59,2398.584064,66.223,16.336,73.465,197.595008,73.465,1151.148032,48.757,-83.194,275.590016,23.857,-21.442816,-15.84,229.851008,1289.683968,-200.474,200.474,0.12,-6817.949184,1442.610176,1199.905064,172.167008,-38.172,78.274,34.542,17.601,1442.610048,-13.24,210.576992,0.0,92,17.601,108.955,19.7,1306.019968,215.890992,-13.856,22.967,8.499,-83.194,34.542,-165.932,26.576,48.398,48.757,8107.633152,-83.099,109.77,48.757,0.0745801164691991,-18.172,3.186,34.542,0.3196200905936423,-29.08,1464.052992,15.964,19.7,-83.099,1188.184064,911.276032,-165.932,46.671,16.336,138.236,1.072,-7.185,-21.442816
-24.567,1094.527896,1251.228032,2021-03-31 00:00:00,-1.7281589801274813,138.088992,2426.89792,69.574,18.487,50.624,292.243008,50.624,1118.834048,44.262,-69.209,274.147,26.123,-68.568064,-13.073,198.051008,1318.32704,0.0,96.525,0.129,-6852.687872,1474.902976,1163.09596,171.13,1.508,99.395,21.086,-10.557,1474.90304,-1.143,121.46,0.0,90,-14.285,76.989,30.06,1336.81404,122.766,-4.971,-2.6670000000000003,-4.495,-69.209,21.086,-75.439,1.941999999999993,26.057,44.262,8171.015168,-69.02,71.151,44.262,0.068941002345111,-6.626,1.757,21.086,0.2556109181731607,-14.216,1543.47104,26.123,30.06,-69.02,1151.83296,857.089024,-75.439,-32.86900000000001,18.487,140.605,1.379,45.697,-68.568064
-25.454,1173.546072,1451.412992,2021-06-30 00:00:00,-2.1602061855670103,302.816992,2473.844992,77.214,96.705,53.645,489.675008,53.645,1134.285056,193.543008,-99.665,264.324,18.665,-154.281984,-21.101,226.580992,1387.283968,0.0,155.956992,0.136,-6889.398784,1786.806016,1327.828056,162.941,-1.903,138.728,23.296,50.293,1786.806016,-1.224,181.435008,0.0,91,27.388,82.424,92.79,1483.988968,181.843008,-4.895,-14.55,220.722,-99.665,23.296,-132.661,16.881,28.191,193.543008,8276.682752,-99.547,116.546,193.543008,0.0701876791592569,203.723008,2.734,23.296,0.2367586068296497,-22.325,1941.088,18.665,92.79,-99.547,1312.685056,886.210016,-132.661,176.999,96.282,128.352,0.416,109.408,-154.281984
