Non-Operating Income (Loss),StockBased Compensation,Line of Credit Available,Equity Charge,WACC Discount Factor,Other Accrued Liabilities,Operating Leases,Line of Credit,Total Current Liabilities,BALANCE SHEET,Total Liabilities & Equity,Operating Income,NonCash Items,Days in Period,Net Share Repurchases,"Cash, Cash Equivalents & STI",Misc LT Assets,Rental Expense - Years 2 - 5,"Selling, General & Admin",Revenue,ST Debt,-Net Share Repurchases,LTM Basic EPS,Rental Expense - Year 1,ST Capital Leases,Rental Expense Beyond Year 5,Dep & Amort,Work In Process,Total Liabilities / Tangible Assets,Current Liabilities,Other Adjustments,Free Cash Flow (LTM),Deferred Compensation,Other Operating Expenses,Free Cash Flow to Firm,ST Deferred Tax Assets,Cash (Repurchase) of Equity,Free Cash Flow to Equity,Deferred Tax Liabilities,Repayments of LT Debt,Other PostRet Benefits,Effect of Foreign Exchanges,Income (Loss) from Cont Ops,year + weight + convention,Free Cash Flow to Firm Model,Dividends,Net Extraordinary Losses (Gains),Net Cash From Disc Ops (fin),Period Weight,Pretax Income,LT Marketable Securities,ST Borrowings,Dividend Yield (LTM),Free Cash Flow per Share,LT Receivables,Prepaid Expenses,Cash % of Revenue,Diluted - Basic Shares,Diluted EPS,Operating Margin,Operating Expenses,Line of Credit Used,Interest & Dividends Payable,PP&E Gross,EBITDAR,A = L + SE,Inventories,Discontinued Operations NI,PV of Free Cash Flow to Firm,Pensions,Raw Materials,Other Non-Op Income (Loss),Bull,Discounted Residual Income (Bear)
98.0,33045.999936,15377.999872,2011-03-31 00:00:00,3.727999829333333,15774.999552,7533.000192,1852.0,2525.0,1167.000064,11781.999616,1167.000064,2624.999936,5715.999744,-819.0,3802.000064,473,24704.999936,-137,3687.000064,32188.99968,402.899968,178.1,770,-20692.000768,51864.999424,8341.0,4247.999936,50,7386.0,633.100032,361,51865.001984,-288,-10.0,0.0893675965465331,90,232,10444.000192,32.36247522,36089.999616,-230.0,-631.900032,375.0,1764.999936,-819.0,633.100032,996.0,1772.999936,1264.999936,5715.999744,52880.9984,-732.0,2592.0,5715.999744,0.0421146705195964,2.0,1.415,633.100032,-1.8377953763779529,-1060.0,27159.999488,432,32.36247522,-833.0,7992.0,12758.000128,455.0,-948.999936,679.0,2097.100032,-19.0,4605.999872,24704.999936
106.0,21729.000576,9621.999616,2011-06-30 00:00:00,-2.997863247863248,7313.999872,7493.000192,1607.000064,2499.000064,1070.0,4160.999936,1070.0,311.0,4711.000064,-883.0,4038.000064,470,16707.00032,-130,3700.0,20139.999232,1152.649984,170.35,770,-16243.00032,30489.999872,5022.000256,4440.999936,-1546,4937.999936,468.350016,387,30489.99936,-198,-306.0,0.1051532324537466,91,640,3609.000128,31.98002616,23175.999232,-513.0,-707.649984,-468.0,-1005.0,-883.0,468.350016,996.0,935.0,1176.0,4711.000064,36382.998528,-599.0,1818.0,4711.000064,0.0533249573696605,-1780.999936,1.022,468.350016,-1.897163120567376,-892.0,13782.999552,470,31.98002616,-1040.0,4684.000256,13648.000256,298.0,1185.0,1024.0,2079.300032,-14.0,4774.999872,16707.00032
91.0,21798.99968,9660.000256,2011-09-30 00:00:00,1.4210526315789471,7153.999872,7445.000192,1612.0,2532.000064,1196.999936,4124.999936,1196.999936,410.0,4632.999936,-735.0,4262.0,483,16755.999744,-104,3663.000064,20317.999104,3.300000000000012,14.7,770,-16730.999808,30540.999936,5042.999936,4701.999936,3,4955.0,419.7,-387,30541.000704,-188,68.0,0.1015431827879465,92,-262,3581.0,21.58,23386.99904,420.0,-868.300032,142.5,-78.0,-735.0,419.7,405.0,345.0,1288.0,4632.999936,37048.999936,-721.0,1080.0,4632.999936,0.0517784516743436,-403.0,0.838,419.7,-2.315280340425532,-809.0,13785.000192,482,21.58,-738.0,4704.999936,14433.000192,405.0,359.0,1073.0,2036.550048,-32.0,5101.999872,16755.999744
-2.0,21973.99936,9818.000384,2011-12-31 00:00:00,-1.039855072463768,3224.0,7449.999872,1811.000064,2287.000064,1124.0,4393.999872,1124.0,4321.999872,493.0,-858.0,4575.000064,453,17158.999488,-173,3667.000064,25323.999232,16.399999999999977,-58.4,770,-17248.0,31370.999744,4814.999872,4925.000192,-51,5144.000064,490.6,124,31370.999808,-200,126.0,0.0997360878515585,92,-84,4072.000064,29.27,28146.999296,19.0,-631.4,-4416.0,-4140.0,-858.0,490.6,549.0,176.0,1122.0,493.0,42572.00128,-725.0,1034.0,493.0,0.0501505186282947,-113.0,0.8310000000000001,490.6,-2.0436363636363635,-923.0,14212.000256,258,29.27,-5056.0,4673.999872,14716.99968,549.0,275.0,904.0,2040.749952,-104.0,3537.999872,17158.999488
26.0,22261.999872,9671.999488,2012-03-31 00:00:00,-1.1543859649122807,3444.999936,7427.999744,1826.0,2516.0,1412.0,4672.999936,1412.0,4243.000064,513.0,-1017.0,4802.999936,438,17505.999808,-120,3796.0,25365.000192,-46.69999999999999,59.7,770,-17184.0,31850.999232,4756.000064,5024.0,17,5113.0,476.7,213,31850.999808,-220,80.0,0.0879229469838942,91,-76,4258.999872,31.7,28406.000128,58.0,-961.299968,285.0,20.0,-1017.0,476.7,417.0,-44.0,1438.0,513.0,42548.998144,-809.0,973.0,513.0,0.0443248596752096,-157.0,0.871,476.7,0.3719704952581665,-914.0,14344.999424,268,31.7,-806.0,4559.000064,14826.000128,417.0,111.0,1159.000064,1855.350016,-52.0,1412.0,17505.999808
592.230784,23035.000384,9774.000128,2012-06-30 00:00:00,-10.634146341463415,3254.000128,7437.000192,1966.0,2470.000128,1444.0,4690.999808,1444.0,4798.000128,452.0,-1164.0,5176.999936,420,17785.000448,-130,3752.0,26001.000448,-409.649984,406.649984,770,-17777.000448,32250.000384,5249.999936,5884.230784,-6,5261.000128,799.649984,-663,32249.99936,-240,198.0,0.1267917160681886,91,-499,3718.000128,25.57,28996.000512,295.0,-1236.580736,41.0,-61.0,-1164.0,799.649984,393.0,-395.0,2036.230784,452.0,43777.998848,-1154.0,769.0,452.0,0.0697051332040575,367.0,0.592,799.649984,0.3848614072494669,-950.0,14464.999936,232,25.57,-1195.000064,4512.999936,14878.000128,393.0,107.0,1135.000064,2186.649984,532.230784,82.0,17785.000448
24.0,24604.000128,9712.0,2012-09-30 00:00:00,-0.525963149078727,4036.999936,7404.000256,1882.0,2550.0,1680.0,6782.000128,1680.0,5869.000192,671.0,-1352.999936,5660.0,489,18064.0,-179,4051.000064,27445.999616,-44.19999999999999,-12.8,770,-18438.00064,34558.000128,6540.000128,6300.230784,6,5194.000064,437.2,606,34558.001152,-337,18.0,0.1266025272949525,92,79,4510.000128,29.57,30520.99968,-84.0,-1266.8,-597.0,219.0,-1352.999936,437.2,450.0,-283.0,1704.0,671.0,45883.998208,-1352.999936,1070.0,671.0,0.0677168595879738,1175.000064,0.646,437.2,0.4147124101353754,-1140.999936,16494.000128,241,29.57,-2030.0,4518.000128,15266.000128,450.0,1006.0,1188.999936,2204.149984,-98.0,-546.0,18064.0
43.0,25179.00032,11941.999616,2012-12-31 00:00:00,1.415335463258786,3761.999872,7385.999872,2142.0,2747.000128,1674.0,5080.999936,1674.0,6211.999744,684.0,-827.0,3200.0,299,18283.00032,-203,4124.999936,28272.001024,15.649984000000018,59.35,770,-19266.000896,35305.999872,6896.0,3295.000064,11,5430.0,374.350016,-258,35306.000384,-351,889.0,0.0553435880520945,92,-111,4524.000064,30.66,31544.001024,765.0,-1342.649984,156.5,13.0,-827.0,374.350016,322.0,378.0,1716.999936,684.0,47537.999872,-578.0,1204.999936,684.0,0.0294119415443542,215.0,0.672,374.350016,0.4058181881145125,-554.0,17022.999552,228,30.66,-1408.0,6512.0,11989.000192,315.0,950.999808,1447.000064,980.550016,-67.0,-344.0,18283.00032
96.0,25132.000512,11891.999744,2013-03-31 00:00:00,0.3986486486486486,3776.999936,7388.000256,2164.999936,2422.0,1250.0,4629.000192,1250.0,5776.0,768.0,-1320.999936,6048.0,175,18588.000256,-172,3792.999936,28381.999104,32.0,-22.0,770,-20195.00032,35109.000192,6544.000256,6803.23072,21,5415.999872,358.0,-71,35108.999168,-658,404.0,0.1091362538591537,90,-49,4358.0,33.72,31331.999232,449.0,-988.0,148.0,84.0,-1320.999936,358.0,383.0,207.0,1346.0,768.0,48576.999424,-1008.999936,1528.0,768.0,0.0588172052005498,-413.0,0.719,358.0,0.3295544479545174,-1550.0,16520.999936,167,33.72,-1037.0,6476.000256,15720.999936,380.0,205.000064,1100.0,1969.2,-22.0,-350.0,18588.000256
-40.0,25517.000448,12019.00032,2013-06-30 00:00:00,-2.5083798882681565,3280.999936,7384.0,2424.999936,3811.000064,901.0,4008.0,901.0,6249.999872,246.0,-1084.0,5505.0,224,19021.000192,-159,3020.0,27456.999424,240.5,40.5,770,-20639.000576,35048.000512,6496.000256,5627.999936,25,5591.000064,281.5,-213,35048.001536,-288,-269.0,0.0788485567988079,91,-265,3685.999936,34.58,31766.999552,-279.0,-579.500032,143.20000000000002,-522.0,-1084.0,281.5,426.0,-216.0,861.0,246.0,48096.002048,-1063.0,868.0,246.0,0.0431231239169318,-130.0,0.707,281.5,0.2983443708609271,-1073.0,16027.00032,203,34.58,-1262.0,6428.000256,14988.999936,241.0,-229.0,2555.000064,1451.050016,-117.0,-171.0,19021.000192
104.0,25695.00032,12108.99968,2013-09-30 00:00:00,1.8467776355100296,3455.000064,7373.000192,2481.999872,3999.999936,729.0,4672.999936,729.0,6346.999808,354.0,-978.0,4554.0,179,18994.000384,-806,3019.000064,27822.000128,144.950016,50.05,770,-21170.999296,35776.0,6700.999936,4756.999936,24,5675.999808,446.049984,264,35776.0,-198,39.0,0.0787900040408181,92,150,4079.000192,34.88,32320.999936,2.0,-386.950016,234.3,108.0,-978.0,446.049984,569.0,667.0,833.0,354.0,48993.001472,-909.0,1644.999936,354.0,0.0415133499044078,-411.0,0.771,446.049984,0.241470680538548,-1004.0,16781.999616,173,34.88,-1112.0,6432.999936,13956.999936,396.0,935.999936,2772.999936,1459.9,-10.0,779.0,18994.000384
38.0,25940.999872,11943.000064,2013-12-31 00:00:00,3.3602735320324566,2975.000064,7361.999872,2452.999936,4001.000064,251.0,4333.000192,251.0,6333.000192,264.0,-4442.999808,2372.999936,213,19344.0,-680,2460.999936,28145.000448,222.0,34.0,770,-21895.000064,35620.000256,6596.999872,2569.999872,93,5548.999936,170.0,-208,35619.999744,-332,3260.999936,0.0543758466686084,92,-10,3891.000064,35.3,32645.000192,3226.999936,-119.0,189.667,-420.0,-4442.999808,170.0,375.0,827.0,289.0,264.0,50040.000512,-3992.999808,5270.000128,264.0,0.0288469672095929,-1162.0,0.709,170.0,0.1019910631968419,-1012.0,16276.000256,205,35.3,-4520.999936,6393.999872,11388.99968,136.0,1030.00032,2798.000128,1023.0,-76.0,827.0,19344.0
88.0,26264.99968,12032.0,2014-03-31 00:00:00,-0.1201321689874911,4786.999808,7368.999936,2463.000064,2439.0,612.0,4313.999872,612.0,4496.0,1964.0,-1004.0,2493.0,196,19804.99968,-729,2710.000128,28426.000384,745.649984,-14.65,770,-22336.0,36150.999552,6460.0,2683.0,9,5640.0,383.350016,33,36151.001088,-89,-735.0,0.066725705317908,90,-77,4038.000128,35.52,31364.000256,-646.0,-316.649984,529.625,1700.0,-1004.0,383.350016,1148.999936,466.0,700.0,1964.0,50761.998336,1119.000064,1470.0,1964.0,0.0359500419702047,-810.0,0.721,383.350016,0.2258302476360621,-818.0,16345.999872,186,35.52,1048.0,6392.0,11210.000128,398.0,2454.000064,1208.999936,1280.9,-49.0,1086.0,19804.99968
44.0,26298.000128,12092.99968,2014-06-30 00:00:00,-1.215658696671355,4217.999872,7299.999744,2537.999872,3435.999936,558.0,3974.000128,558.0,5261.000192,1168.999936,-1226.0,2150.0,603,19868.000256,-139,2908.0,27824.001024,111.39999999999998,60.6,770,-20206.999552,35935.000064,6429.999872,2424.0,77,5730.999808,420.6,-64,35934.998528,-246,23.0,0.073028361934822,91,-278,2753.000064,39.92,31717.00096,107.0,-181.4,639.9,-795.0,-1226.0,420.6,540.0,-138.0,602.0,1168.999936,48030.998528,-1117.0,1088.0,1168.999936,0.0400095797224601,-533.0,0.748,420.6,0.1918844566712517,-385.0,16066.999808,211,39.92,-1252.0,6361.999872,11098.000128,360.0,-63.0,2240.999936,1420.0,-76.0,1164.0,19868.000256
34.0,26649.000192,12298.000384,2014-09-30 00:00:00,-6.7936507936507935,4204.0,7293.000192,2761.999872,3381.0,531.0,4176.0,531.0,5662.000128,761.0,-1408.999936,1952.0,1016,20226.000384,-714,2884.999936,28657.999872,56.049984,71.95,770,-21024.0,36700.000768,6422.999808,2156.0,-591,5942.999744,375.950016,-84,36700.000256,-195,88.0,0.0688373281777902,92,-62,2760.000128,37.59,32496.0,252.0,-189.05,-63.0,-408.0,-1408.999936,375.950016,431.0,365.0,565.0,761.0,49682.00192,-1403.999936,1774.0,761.0,0.0372509527907687,-732.0,0.593,375.950016,0.1840554633551298,-909.0,16474.000384,143,37.59,-1544.0,6354.999808,10964.0,304.0,370.000064,2272.999936,1349.900032,-55.0,862.0,20226.000384
20.0,27383.00032,10584.000512,2014-12-31 00:00:00,-2.9716321990163386,4592.999936,7301.000192,2204.999936,1890.999936,-47.0,4378.999808,-47.0,3964.999936,2398.000128,-1520.999936,1802.0,109,21020.000256,-557,2420.999936,29040.001024,905.8,113.2,770,-21884.000256,35983.000576,6363.000064,1988.0,523,5289.000064,20.2,82,35982.999552,-474,1367.000064,0.0575017322683469,92,492,3020.999936,28.29,31390.001152,1118.000064,47.2,185.633,1636.999936,-1520.999936,20.2,926.0,-366.0,-27.0,2398.000128,50923.999232,2.000128,1155.000064,2398.000128,0.0324148423783926,482.0,0.02,20.2,-0.0194134660233216,-1031.0,14963.00032,101,28.29,2.0,5295.000064,10924.000256,-93.0,1123.000192,770.0,1160.499968,-58.0,327.0,21020.000256
-34.0,27054.000384,10515.00032,2015-03-31 00:00:00,1.3312259106669388,2968.0,7302.000128,2236.999936,2018.0,-341.0,3560.999936,-341.0,5267.999744,1126.0,-1452.0,701.0,122,20660.000256,-376,1495.000064,29290.999808,20.80000000000001,28.2,770,-22648.000512,34736.000512,6394.000128,765.0,4,5188.999872,-247.8,-469,34736.001024,-128,46.0,-0.018008156015137,90,-103,2241.0,26.11,31767.999744,-133.0,127.2,-490.3,-1272.0,-1452.0,-247.8,-276.0,-1143.000064,-375.0,1126.0,51939.00032,-1450.0,309.0,1126.0,-0.0102797411413825,-138.0,-0.454,-247.8,-0.2280936357204062,-504.0,14076.000256,99,26.11,-1442.0,5326.000128,9708.999936,-276.0,-1141.0,905.0,-364.350016,-70.0,-1282.000064,20660.000256
12.0,28573.999808,12499.999744,2015-06-30 00:00:00,0.1265122202086495,4129.999872,7254.000128,2200.999936,2060.0,-212.0,3052.0,-212.0,5858.999808,2497.0,-868.0,-69.0,102,20217.999872,-350,1504.999936,29120.999424,-176.6,232.6,770,-23395.00032,35769.999616,8355.999936,-37.0,-12,5179.0,-153.4,-301,35769.99936,-88,161.0,-0.0468168444346515,91,-112,1782.000064,26.54,31639.999488,155.0,46.6,-408.34,446.0,-868.0,-153.4,-386.0,-460.0,-200.0,2497.0,52515.999744,-868.0,408.0,1572.0,-0.026172513594259,1807.000064,-0.225,-153.4,-0.1408637933656364,-438.0,15551.999744,102,26.54,-1771.000064,7320.999936,8305.999872,-386.0,1502.0,1004.0,-938.350016,-14.0,-1604.000064,20217.999872
-119.0,27692.99936,12490.999808,2015-09-30 00:00:00,-0.2121284469380446,3857.999872,7263.000064,2184.999936,2439.000064,-75.0,2848.0,-75.0,5977.999872,2380.0,-628.0,-675.0,163,19334.999552,-187,1396.0,27919.998976,-606.0,603.0,770,-23712.999424,34673.99936,8357.999808,-796.0,3,5168.000064,-146.0,-184,34673.999872,-115,904.0,-0.0738252336575115,92,29,1527.0,15.4,30815.998976,499.0,48.0,-167.54,108.0,-628.0,-146.0,-749.0,-132.0,-194.0,2380.0,51633.000448,-525.0,496.0,1680.0,-0.0409196634455443,-139.0,-0.414,-146.0,-0.0537249283667621,-302.0,15338.999808,148,15.4,-247.0,7322.999808,6816.999936,-749.0,-29.0,1427.000064,-1460.300032,-155.0,-2101.000064,19334.999552
-31.0,25830.000192,12028.99968,2015-12-31 00:00:00,-0.4732061762034514,2590.000128,7267.999744,1908.999936,2545.000064,-99.0,1728.999936,-99.0,6056.0,1220.999936,-537.0,-188.0,144,18552.999936,-196,1200.0,27061.000192,-418.0,458.0,770,-23260.000256,32310.999552,7277.000256,-379.0,0,4752.999872,-335.0,48,32310.99904,2,290.0,-0.018901776372043,92,95,1577.999936,12.59,29721.000192,87.0,-205.0,-330.3,-460.0,-537.0,-335.0,-793.0,-174.0,-130.0,1220.999936,50320.9984,-417.0,363.0,1220.999936,-0.0109526461390653,-1079.000064,-0.479,-335.0,-0.0825,-194.0,13757.999616,144,12.59,258.0,7276.000256,4688.0,-793.0,-1089.0,1483.000064,-374.0,-78.0,-1908.999936,18552.999936
-65.0,26632.000576,11991.000064,2016-03-31 00:00:00,0.7348723329835606,3268.0,8365.000192,1880.0,2747.999936,-409.0,1526.0,-409.0,5208.999936,2072.0,-441.0,-795.0,111,19351.000576,-149,616.0,26737.000448,-149.64998400000002,87.65,937,-22762.999808,32868.00064,7281.0,-998.0,0,4711.0,-272.350016,-107,32867.999744,-97,159.0,-0.0453250354724843,91,3,1314.0,11.14,29600.000512,-123.0,201.65,-214.425,859.0,-441.0,-272.350016,-407.0,-372.0,-474.0,2072.0,49500.000256,-441.0,69.0,2072.0,-0.0268253359475495,1198.0,-0.446,-272.350016,-0.663961038961039,-246.0,13517.000064,67,11.14,-408.0,7280.0,4716.999936,-360.0,-372.0,1776.999936,-906.750016,-79.0,-1140.0,19351.000576
40.0,26433.999424,11992.000512,2016-06-30 00:00:00,-1.2388139800093916,3753.999872,8369.999872,1880.0,3000.999936,-264.0,1382.0,-264.0,4696.999936,2584.0,-287.0,-847.0,76,19152.999424,-206,772.0,25656.999936,-1.7073120000000015,-20.292682,937,-21659.000832,32526.999936,7281.0,-1022.0,0,4712.0,-158.292688,-100,32526.999552,-98,-39.0,-0.0463103665287266,91,-93,1152.0,15.01,28772.999936,-83.0,65.707316,372.675,543.0,-287.0,-158.292688,-170.0,-89.0,-224.0,2584.0,47316.000768,471.0,198.0,2584.0,-0.0266964205901533,-43.0,-0.245,-158.292688,-0.3419689119170984,-304.0,13374.000512,76,15.01,388.0,7280.0,3984.0,-138.0,669.0,2044.999936,-911.642704,3.0,-769.0,19152.999424
-55.0,26199.999552,11980.000256,2016-09-30 00:00:00,-1.094912917398287,3041.999872,8378.999808,1891.000064,3177.0,-223.0,1408.0,-223.0,5325.000192,1952.999936,-221.0,-995.0,85,18921.99936,-170,884.0,25976.000512,-4.849999999999994,21.85,937,-21774.999552,32309.999616,7278.000192,-1106.0,0,4703.000128,-184.15,-5,32309.999616,-220,-16.0,-0.0496532781457711,92,72,1151.0,15.81,29268.000512,-129.0,93.85,-400.367,-733.0,-221.0,-184.15,-192.0,38.0,-278.0,1952.999936,47751.000064,-142.0,259.0,1952.999936,-0.0283587934808268,-44.0,-0.195,-184.15,-0.252262443438914,-390.0,13388.000256,81,15.81,-945.0,7277.000192,3472.0,-206.0,116.0,2236.0,-949.792704,-114.0,-599.0,18921.99936
10.0,24807.999872,11313.000448,2016-12-31 00:00:00,0.1580437249236744,3664.999936,8383.000064,3617.999872,10586.999808,-118.0,2240.0,-118.0,4778.999808,2488.0,-255.0,-940.0,293,17540.99968,-129,951.0,16727.000064,-1234.6142,1300.614144,937,-20255.000576,31094.000128,7267.000192,-987.0,1,4731.999872,-82.3858,75,31093.999616,-149,-142.0,-0.0347710688023519,92,12,1190.0,17.31,27429.000192,1173.0,25.614198,256.467,600.0,-255.0,-82.3858,-1371.000064,297.0,-108.0,2488.0,36982.001664,127.0,552.0,2488.0,-0.0197938170586371,-43.0,-0.14,-82.3858,-0.1240799158780231,-278.0,13553.000448,63,17.31,91.0,6581.000192,3223.000064,-1383.000064,679.0,9578.999808,-627.513472,-55.0,-126.0,17540.99968
-96.0,19847.999744,8853.999616,2017-03-31 00:00:00,8.26673751328374,3743.000064,8272.999936,1966.0,4146.000064,21.0,3099.000064,21.0,4774.000128,2489.999872,-283.0,-584.0,357,12584.0,-131,921.0,16533.000192,-4811.95,-60.05,937,-20692.000768,24536.99968,7263.999744,-685.0,-1,3131.0,-110.05,-1,24536.999936,-21,-21.0,-0.0334979476031057,90,-12,1231.999936,15.8,20794.000128,7.0,-35.05,23.525,2.0,-283.0,-110.05,-4957.000192,218.0,-75.0,2489.999872,37225.00096,-283.0,501.0,2489.999872,-0.0186352579385642,-50.0,-0.086,-110.05,0.022801302931596,-152.0,11952.99968,51,15.8,-450.0,5722.999808,3528.0,-50.0,218.0,3239.000064,-534.878488,-165.0,464.0,12584.0
-79.0,19668.0,9754.000384,2017-06-30 00:00:00,-1.2952963509808058,4424.0,8286.000128,1856.999936,1365.0,-82.0,2082.0,-82.0,4648.999936,2614.000128,-492.0,-402.0,903,12405.000192,-128,946.0,18336.999424,41.94999999999999,-33.95,937,-21237.999616,24241.000576,7262.999808,-622.0,1,3038.999936,-186.95,-40,24241.000448,-85,-4.0,-0.0357142915810345,91,-49,1328.0,11.85,19816.999424,32.0,-25.95,237.05,-6.0,-492.0,-186.95,-139.0,-70.0,-161.0,2614.000128,39574.99904,1234.0,422.0,2614.000128,-0.0198539952085682,-46.0,-0.149,-186.95,-0.0866807610993657,-213.0,11836.000384,780,11.85,-383.0,6714.999808,3702.0,-153.0,1655.0,541.0,-563.5358,-130.0,483.0,12405.000192
79.0,18263.000064,9409.999872,2017-09-30 00:00:00,-0.925920599955988,3689.999872,8304.0,1744.0,1497.0,-250.0,1762.0,-250.0,4693.000192,1795.000064,-530.0,-429.0,818,11775.000064,-138,1192.0,17645.000704,-290.533408,290.533408,937,-21668.999168,22946.999936,6488.0,-515.0,-46,2922.0,-308.466592,230,22947.00032,-422,442.0,-0.0448156109656901,92,62,1573.999936,13.56,19257.000704,460.0,-137.466592,458.967,-819.0,-530.0,-308.466592,-599.0,34.0,-171.0,1795.000064,39314.00192,-499.0,564.0,1795.000064,-0.0248964798232508,-864.0,-0.146,-308.466592,-0.209731543624161,-560.0,11171.999872,798,13.56,-520.0,6488.0,4010.0,-599.0,-710.000064,661.0,-687.852392,16.0,479.0,11775.000064
144.0,17202.000384,8336.0,2017-12-31 00:00:00,-6.576763485477178,2566.000128,8316.000256,1644.999936,1666.0,84.0,1968.0,84.0,4930.999808,563.0,-669.0,-222.0,795,11708.000256,-142,1428.0,17664.999424,-90.875,82.875,937,-21564.000256,22012.000256,5494.000128,-174.0,0,2841.999936,54.875,109,22012.000256,-376,67.0,-0.0392172587955111,92,-27,1680.000064,16.93,19445.99936,-27.0,-173.124992,30.125,-1102.0,-669.0,54.875,-28.0,-168.0,228.0,563.0,39229.001728,-639.0,501.0,563.0,-0.0215995481257248,-913.0,0.026,54.875,0.0588235294117647,-518.0,10304.0,784,16.93,-691.0,5494.000128,4487.000064,-28.0,-1138.0,748.0,-573.5328,71.0,14.0,11708.000256
32.0,17529.000192,7690.999808,2018-03-31 00:00:00,-1.0135458997603417,2902.000128,8174.000128,1644.0,1703.0,290.0,1908.999936,290.0,3881.999872,1612.999936,-662.0,34.0,79,12034.000128,-100,1540.999936,16931.00032,206.0,-202.0,937,-21872.001024,21633.999872,5495.000064,172.0,2,2196.0,154.0,81,21634.000896,-280,-222.0,-0.0268394337705968,90,-58,1548.000064,16.13,18732.000256,-239.0,-168.0,959.7,1050.0,-662.0,154.0,356.0,-13.0,322.0,1612.999936,38803.001344,518.0,649.0,1612.999936,-0.0143105666347622,-49.0,0.138,154.0,0.1881894951616662,-380.0,9599.999744,63,16.13,449.0,5495.000064,4989.999872,356.0,1167.0,897.0,-330.366592,-5.0,5020.000192,12034.000128
40.0,17628.99968,7695.000064,2018-06-30 00:00:00,-0.5892373825823913,3087.000064,8163.999744,1650.0,1805.0,123.0,2044.0,123.0,3830.000128,1667.000064,-638.0,247.0,127,12131.999744,-105,1459.000064,16881.000448,-1.1700000000000017,18.17,937,-22336.0,21870.999808,5496.999936,542.0,16,2198.0,114.17,44,21870.999552,-349,110.0,0.0011882795808798,91,-90,1636.0,20.86,18784.000512,149.0,-48.83,314.05,54.0,-638.0,114.17,96.0,129.0,163.0,1667.000064,39217.000448,-635.0,767.0,1667.000064,0.0006323043025676,-29.0,0.197,114.17,0.0843043143279807,-454.0,9739.000064,92,20.86,-681.0,5496.999936,5620.0,96.0,132.0,1008.0,14.578408,-20.0,-18.0,12131.999744
-21.0,17541.999616,7592.0,2018-09-30 00:00:00,-0.0519613161122595,3064.999936,8162.999808,1592.999936,1717.0,248.0,2142.0,248.0,3934.000128,1564.0,-769.0,745.0,56,12043.999744,-101,1656.999936,16899.00032,122.0,-102.0,937,-22357.999616,21777.999744,5497.999872,940.0,4,2093.999936,152.0,209,21777.999872,-381,-83.0,0.0398879049354917,92,82,1734.000064,23.28,18713.00032,1.0,-75.0,204.633,-103.0,-769.0,152.0,254.0,194.0,227.0,1564.0,39257.001984,-703.0,963.0,1564.0,0.0212429289194266,-377.0,0.205,152.0,0.1496680806148202,-482.0,9734.0,31,23.28,-689.0,5497.999872,6084.999936,254.0,260.0,960.0,475.045,-85.0,142.0,12043.999744
-333.0,17626.999808,7360.999936,2018-12-31 00:00:00,-0.4009248878923767,2920.999936,8175.000064,1464.0,1499.0,483.0,1832.0,483.0,4036.999936,1462.0,-684.0,1144.0,284,12128.0,-88,1395.000064,16803.999744,353.0,-269.0,937,-21830.00064,21320.999936,5498.999808,862.0,1,1862.0,121.0,-177,21321.00096,78,-236.0,0.0503845767369335,92,89,1655.0,14.34,18399.999744,-237.0,-29.0,285.44,-98.0,-684.0,121.0,390.0,171.0,150.0,1462.0,38634.000384,-669.0,855.0,1462.0,0.0277148305055908,-404.0,0.147,121.0,0.3462365432550976,-10.0,9192.999936,126,14.34,-549.0,5498.999808,6051.999744,390.0,186.0,671.0,600.483392,-397.0,481.0,12128.0
80.0,17963.000064,7344.0,2019-03-31 00:00:00,-3.626050420168067,2776.0,8086.000128,1306.0,1576.0,36.0,1858.0,36.0,4736.0,1019.0,-615.0,890.0,588,12208.0,-94,1235.000064,16961.000448,-86.0,82.0,937,-17668.999168,21410.0,5755.000064,656.0,-1,1681.0,256.0,-88,21410.000896,-292,-39.0,0.0530624533127632,90,-157,1535.0,16.71,18634.000384,-56.0,140.0,38.08,-120.0,-615.0,256.0,174.0,-100.0,116.0,1019.0,34630.00064,-602.0,515.0,1019.0,0.0298843031885356,-72.0,0.07,256.0,0.0291497960602534,-386.0,9202.0,141,16.71,-564.0,5663.000064,5746.000128,174.0,-87.0,857.0,643.17,69.0,394.0,12208.0
-42.0,17857.999872,6710.000128,2019-06-30 00:00:00,1.3183925811437402,2688.0,8106.999808,1294.0,1521.0,263.0,2471.000064,263.0,4796.000256,961.0,-647.0,1030.0,511,12100.99968,-87,1394.0,16977.999872,-31.120000000000005,22.12,937,-17259.999232,21281.999872,5757.000192,714.0,-1,1657.0,183.12,49,21282.000896,-167,-11.0,0.0587727493027319,91,26,1565.999936,14.21,18593.999872,5.0,-37.88,64.7,-46.0,-647.0,183.12,161.0,150.0,221.0,961.0,34237.999104,-591.0,797.0,961.0,0.033004425769101,-278.0,0.126,183.12,0.1886657101865136,-254.0,9181.000192,68,14.21,-565.0,5053.000192,5681.000064,161.0,206.0,837.0,712.12,-73.0,415.0,12100.99968
-74.0,18005.000192,5722.999808,2019-09-30 00:00:00,-1.0374181478016835,2520.0,8134.000128,336.0,815.0,195.0,2379.000064,195.0,4568.999936,1164.999936,-741.0,977.0,136,12271.000064,-82,1255.000064,16942.999552,116.0,-54.0,937,-17365.999616,20372.999936,5734.000128,608.0,-2,693.0,111.0,-17,20373.000192,-112,-42.0,0.0552021390334694,92,-20,1552.0,12.27,17852.999552,-30.0,-10.0,106.9,-131.0,-741.0,111.0,165.0,-4.0,121.0,1164.999936,34308.999168,-741.0,737.0,1164.999936,0.0318436098304194,-72.0,0.069,111.0,0.1553784781320935,-194.0,8101.999872,72,12.27,-795.0,5030.000128,5279.000192,165.0,-4.0,148.0,671.12,-95.0,217.0,12271.000064
6.0,17861.999936,6346.999808,2019-12-31 00:00:00,8.333333333333334,2135.000064,8144.0,370.0,816.0,69.0,1744.999936,69.0,4850.999808,858.0,-616.0,563.0,83,12152.999936,-93,1240.999936,17198.999552,-84.37,77.37,937,-18002.999296,20244.99968,5709.0,533.0,-7,739.0,57.37,-135,20245.000192,-215,74.0,0.0505226296789031,92,15,1537.000064,13.58,18109.999552,89.0,-17.63,9.0,-307.0,-616.0,57.37,-20.0,84.0,75.0,858.0,35201.998848,-616.0,700.0,858.0,0.0295130619737514,-113.0,0.102,57.37,0.0556003251880909,-308.0,8091.999744,73,13.58,-894.0,5608.0,5125.000192,-20.0,84.0,152.0,613.369984,-18.0,199.0,12152.999936
-247.0,17628.999872,6314.999808,2020-03-31 00:00:00,-1.818181818181818,1908.999936,8039.000064,370.0,741.0,119.0,1442.0,119.0,4854.000128,817.0,-620.0,646.0,311,11958.000128,-76,1031.0,17064.999936,20.46,-42.46,937,-18641.000448,19714.999936,5670.999744,289.0,1,727.0,-88.46,-250,19715.00032,34,-62.0,0.0217686003978159,91,151,1244.0,3.29,17805.999936,-48.0,39.54,-99.0,-41.0,-620.0,-88.46,-46.0,81.0,-128.0,817.0,35705.99936,-617.0,701.0,817.0,0.0127917321445654,-131.0,-0.151,-88.46,0.1154219204655674,-42.0,7756.999808,118,3.29,-611.0,5587.999744,4921.0,-46.0,84.0,113.0,263.03,-235.0,311.0,11958.000128
-118.0,16835.0,6327.000064,2020-06-30 00:00:00,1.099337748344371,1404.999936,8080.0,385.0,585.0,-387.0,1065.0,-387.0,5137.999872,522.0,-326.0,-4.0,186,11175.000064,-88,496.0,16577.000448,-251.4,205.4,937,-19215.998976,18567.000128,5659.999936,-437.0,0,750.0,-544.6,-160,18567.000064,-39,239.0,-0.0430683971054094,91,-77,849.0,6.12,17162.000448,239.0,-39.6,-151.0,-295.0,-326.0,-544.6,-750.0,-317.0,-505.0,522.0,35792.9984,-320.0,9.0,522.0,-0.0251564650518154,0.0,-0.638,-544.6,-0.780241935483871,-127.0,7392.000064,107,6.12,-304.0,5576.999936,4023.0,-750.0,-311.0,109.0,-501.23,34.0,-156.0,11175.000064
-42.0,16936.999872,6205.000192,2020-09-30 00:00:00,0.3311258278145695,1922.0,8096.0,373.0,575.0,-171.0,1566.0,-171.0,4926.000128,1119.000064,-144.0,-370.0,83,10892.0,-53,764.0,16165.999616,-72.240208,92.2402,937,-19782.00064,18663.000192,6044.999872,-771.0,-3,739.0,-224.759792,15,18663.000064,-150,88.0,-0.0722695496859106,92,-7,847.0,4.09,16740.999616,115.0,-11.759798,151.0,597.0,-144.0,-224.759792,-317.0,201.0,-213.0,1119.000064,35947.999232,-144.0,345.0,1119.000064,-0.0428829688754472,397.0,-0.277,-224.759792,-0.2238219895287958,-203.0,7771.000192,24,4.09,-145.0,5465.999872,3531.999936,-317.0,601.0,107.0,-836.989792,-32.0,49.0,10892.0
17.0,16102.0,6182.000128,2020-12-31 00:00:00,0.415929203539823,1612.0,8111.000064,368.0,573.0,-118.0,1212.999936,-118.0,4799.000064,742.0,-262.0,-712.0,47,10560.999936,-57,831.0,15770.999808,-173.6,189.6,937,-20358.00064,17956.0,5541.000064,-932.0,-28,711.0,-148.4,89,17955.999744,-179,251.0,-0.0809192573020016,92,-10,966.0,6.67,16343.999808,245.0,-47.4,110.175,-377.0,-262.0,-148.4,-338.0,156.0,-101.0,742.0,36129.001472,-262.0,418.0,742.0,-0.0481139237998819,-552.0,-0.2,-148.4,-0.1419975932611311,-236.0,7395.000064,37,6.67,-243.0,5471.000064,3121.999872,-338.0,-344.0,97.0,-919.0,4.0,130.0,10560.999936
75.0,16195.999616,5663.000064,2021-03-31 00:00:00,-0.0277777777777778,2150.000128,8131.999744,364.0,658.0,101.0,1899.000064,101.0,4400.0,1124.999936,-209.0,-575.0,26,10670.999808,-89,1180.0,15425.000448,0.0,69.0,937,-20810.000384,18232.999936,5524.999808,-643.0,0,700.0,166.0,162,18232.999936,-299,42.0,-0.0664421581139067,90,-15,1033.0,10.68,16083.000448,44.0,-10.0,424.8,383.0,-209.0,166.0,97.0,413.0,176.0,1124.999936,36235.001856,-206.0,622.0,1124.999936,-0.0396205221317894,-32.0,0.097,166.0,0.085593220338983,-388.0,7562.000128,24,10.68,-207.0,4962.999808,3271.0,97.0,416.0,96.0,-751.759792,31.0,453.0,10670.999808
56.0,15637.999936,5591.000064,2021-06-30 00:00:00,-0.0191358612682238,2075.000064,8137.999872,358.0,614.0,127.0,1575.000064,127.0,4033.999872,970.0,-274.0,-61.0,19,10633.999872,-68,1259.000064,15111.000064,0.0,157.0,937,-21364.000768,17800.0,5004.000064,45.0,-22,672.0,173.0,32,17799.999488,-332,145.0,-0.0031326331312575,91,-46,1081.0,13.62,15725.000064,153.0,-10.0,388.433,-155.0,-274.0,173.0,16.0,381.0,183.0,970.0,36474.998784,-262.0,655.0,970.0,-0.0018786148112744,-554.0,0.18,173.0,0.1008737041652763,-400.0,7166.000128,19,13.62,-256.0,4919.000064,4034.000064,16.0,-107.0,93.0,-34.159792,7.0,1151.0,10633.999872
