Non-Operating Income (Loss),StockBased Compensation,Line of Credit Available,Equity Charge,WACC Discount Factor,Other Accrued Liabilities,Operating Leases,Line of Credit,Total Current Liabilities,BALANCE SHEET,Total Liabilities & Equity,Operating Income,NonCash Items,Days in Period,Net Share Repurchases,"Cash, Cash Equivalents & STI",Misc LT Assets,Rental Expense - Years 2 - 5,"Selling, General & Admin",Revenue,ST Debt,-Net Share Repurchases,LTM Basic EPS,Rental Expense - Year 1,ST Capital Leases,Rental Expense Beyond Year 5,Dep & Amort,Work In Process,Total Liabilities / Tangible Assets,Current Liabilities,Other Adjustments,Free Cash Flow (LTM),Deferred Compensation,Other Operating Expenses,Free Cash Flow to Firm,ST Deferred Tax Assets,Cash (Repurchase) of Equity,Free Cash Flow to Equity,Deferred Tax Liabilities,Repayments of LT Debt,Other PostRet Benefits,Effect of Foreign Exchanges,Income (Loss) from Cont Ops,year + weight + convention,Free Cash Flow to Firm Model,Dividends,Net Extraordinary Losses (Gains),Net Cash From Disc Ops (fin),Period Weight,Pretax Income,LT Marketable Securities,ST Borrowings,Dividend Yield (LTM),Free Cash Flow per Share,LT Receivables,Prepaid Expenses,Cash % of Revenue,Diluted - Basic Shares,Diluted EPS,Operating Margin,Operating Expenses,Line of Credit Used,Interest & Dividends Payable,PP&E Gross,EBITDAR,A = L + SE,Inventories,Discontinued Operations NI,PV of Free Cash Flow to Firm,Pensions,Raw Materials,Other Non-Op Income (Loss),Bull,Discounted Residual Income (Bear)
-4.886,944.915016,474.614016,2011-03-31 00:00:00,0.0,544.601984,645.166016,10.046,12.018,26.413,82.064,26.413,-69.964,469.964016,-91.126,59.681,45.81,544.915016,-5.95,58.232,544.972992,0.0,21.14775,0.92,-113.048,1101.593032,400.0,54.057,-10.027,74.614,14.30075,-7.082,1101.59296,-0.032,33.3,0.0,90,-13.786,48.528,0.0,556.990992,29.666,-7.22625,0.0,211.47,-91.126,14.30075,-6.847,-68.281,21.527,469.964016,658.020992,-91.126,22.845,354.990016,0.0,389.414016,0.0,14.30075,0.0,-5.982,556.678016,36.175,0.0,-200.788992,400.0,166.997,-6.847,331.719,12.018,-1.74245,0.312,-331.606,544.915016
-6.382,979.307984,476.895008,2011-06-30 00:00:00,0.0,505.883008,646.209984,11.055,11.703,29.81,124.635,29.81,-24.944,424.943992,-121.141,80.969,50.974,579.307984,-6.614,63.066,663.251968,0.0,-19.59815,0.921,-127.797,1180.837992,400.0,69.46,0.0,76.895,13.75085,50.229,1180.838016,-0.259,-25.396,0.0628998797154004,91,36.923,110.634,0.0,674.954968,-4.122,-9.67715,0.0,-54.985,-121.141,13.75085,33.349,-41.891,23.428,424.943992,791.049024,-121.141,79.25,300.004992,0.0391968817142591,0.0,0.0,13.75085,0.0,-6.873,601.530008,48.375,0.0,-134.235008,400.0,203.362,33.349,-41.891,11.703,35.4282,0.379,-292.559,579.307984
-6.262,1046.614976,498.884,2011-09-30 00:00:00,0.0,425.455008,647.230976,12.593,39.449,40.49,168.876992,40.49,111.46,288.539992,-174.66,109.803,93.399,646.614976,-7.306,87.417,849.472,0.0,-46.154552,0.921,-148.120992,1314.375968,400.0,92.201,0.0,98.884,20.13445,4.039,1314.375936,-0.054,-70.441,0.0917222183675395,92,-19.087,145.999,0.0,888.921,-30.474,-14.09355,0.0,-136.404,-174.66,20.13445,66.289,-137.072992,34.228,288.539992,997.593024,-174.66,37.587,163.600992,0.0557591810140816,-0.003,0.0,20.13445,0.0,-7.36,667.760992,59.298,0.0,-173.988,400.0,257.801,66.289,-137.073,11.283,54.6968,0.524,-376.788992,646.614976
-10.453,1434.237976,910.56,2011-12-31 00:00:00,0.0,623.64,648.294976,14.072,23.787,55.83,182.584,55.83,309.134016,490.866,-224.094,152.543008,77.067,634.237976,-9.565,117.866,1079.954944,0.0,43.5526,0.921,-176.260992,1727.381976,800.0,124.56,-8.653,110.56,30.1516,-12.489,1727.382016,-1.34,66.498,0.1321004006138276,92,-36.803,167.141,0.0,1103.741944,59.336,-15.2254,0.0,307.271008,-224.094,30.1516,-13.401,-187.752,45.377,490.866,1256.216064,-224.094,36.342,470.872,0.0647623557255755,391.307008,0.0,30.1516,0.0,-10.905,1093.144,71.694,0.0,-120.378,800.0,326.580992,-13.401,212.248,19.425,78.337648,0.42,-437.199008,634.237976
-13.301,1451.089016,930.459008,2012-03-31 00:00:00,0.0,455.096992,649.886016,17.677,19.301,57.227,231.862,57.227,512.702016,287.297984,-269.975008,183.357,78.922,651.089016,-12.199,137.275008,1339.011968,0.0,11.48095,0.922,-215.436,1813.410024,800.0,146.959,-0.025,130.459,27.92195,11.101,1813.410048,-2.835,20.603,0.1537768227189388,91,-24.578,200.528992,0.0,1358.312968,32.016,-16.00405,0.0,-183.574,-269.975008,27.92195,16.441,-207.21,43.926,287.297984,1554.448,-269.975008,62.765,287.297984,0.0630934854939264,-1.206,0.0,27.92195,0.4168785042066797,-15.034,1162.321008,70.303,0.0,-245.132992,800.0,405.624008,16.441,-207.210008,18.815,91.95885,0.598,-573.925992,651.089016
-12.124,1529.414024,951.910976,2012-06-30 00:00:00,0.0,442.596992,652.193024,18.733,44.399,61.214,355.044992,61.214,561.113984,238.886,-170.806,214.761,104.683,729.414024,-13.537,147.89,1549.373952,0.0,-47.0548,0.922,-261.528992,2036.369992,800.0,172.621,-0.721,151.911,28.9882,33.381,2036.370048,0.0,-79.391,0.16381813608196,91,20.584,311.926,0.0,1593.772952,-31.745,-20.1018,0.0,-48.412,-170.806,28.9882,76.043,-61.711,49.09,238.886,1810.90304,-170.806,109.095,238.886,0.0666392709874794,-0.746,0.0,28.9882,0.4139157481912232,-13.537,1306.955968,68.752,0.0,-156.760992,800.0,490.448008,76.043,-61.711,26.232,107.1962,1.95,-593.745992,729.414024
-25.081,1950.363984,1375.584,2012-09-30 00:00:00,0.0,641.705984,654.921984,22.607,35.396,77.323,354.952992,77.323,793.484032,406.516008,-336.644992,251.594,109.083,750.363984,-13.886,189.96,1803.79904,0.0,14.61005,0.923,-320.478016,2480.900976,1200.0,190.635,-7.209,175.583992,32.92405,37.785,2480.90112,-0.336,29.746,0.1717789650890662,92,-9.692,318.07,0.0,1839.19504,43.962,-19.31795,0.0,41.417,-336.644992,32.92405,18.314,-226.376992,52.242,406.516008,2124.276992,-336.644992,110.268,280.303008,0.0632290071210021,392.697984,0.0,32.92405,0.4070488523899768,-14.222,1730.536992,87.733,0.0,-461.548992,1200.0,592.991008,18.314,173.623008,25.349,119.9858,-4.102,-683.049992,750.363984
-18.852,1995.00496,1403.004032,2012-12-31 00:00:00,0.0,492.686016,658.867968,24.953,29.508000000000003,91.355,330.784992,91.355,960.662016,239.338008,-275.888992,287.119008,122.3,795.00496,-17.568,218.088,2006.599936,0.0,2.69035,0.925,-391.26,2528.793984,1200.0,221.836,-0.057,203.004008,45.280352,-5.531,2528.794112,-0.079,1.174,0.1927779980995477,92,-28.994,304.003008,0.0,2036.107936,30.711,-27.22265,0.0,-66.856,-275.888992,45.280352,42.59,-165.631008,72.503,239.338008,2397.860096,-275.888992,110.258,213.447008,0.0647357119897835,-1.952,0.0,45.280352,0.4188905395986941,-17.647,1733.789024,101.514,0.0,-175.162,1200.0,693.212992,42.59,-165.630992,24.527,137.763296,2.339,-660.929024,795.00496
-20.403,2049.107008,1440.72,2013-03-31 00:00:00,0.0,440.510016,661.275008,26.937,29.0,120.137,356.891008,120.137,1008.12,191.879992,-217.678,350.029,91.155,849.107008,-13.854,249.99,2177.208064,0.0,10.9174,0.925,-446.665984,2646.718016,1200.0,277.644,-0.025,240.720008,62.7684,15.07,2646.717952,-1.857,15.856,0.2301162637930041,90,3.303,332.746,0.0,2206.208064,49.132,-36.9656,0.0,-47.458,-217.678,62.7684,51.851,-47.131,99.734,191.879992,2623.874048,-217.678,170.547008,165.988992,0.0774012548518787,-0.181,0.0,62.7684,0.4805672226889075,-15.711,1797.611008,84.086,0.0,-217.824,1200.0,805.928,51.851,-47.130992,23.716,172.609752,0.78,-500.85,849.107008
-21.098,2119.213024,1478.166016,2013-06-30 00:00:00,0.0,416.087008,664.470016,28.703,36.204,114.904,360.764992,114.904,1038.398976,161.600992,-211.618,403.719,107.583,919.213024,-16.656,255.828,2305.852928,0.0,-7.23905,0.925,-514.567008,2758.144032,1200.0,323.534,-2.973,278.166,59.879952,30.247,2758.144,-0.392,-10.764,0.2477996515316179,91,24.046,343.464,0.0,2342.056928,29.305,-33.926048,0.0,-4.388,-211.618,59.879952,67.119,-24.358,93.806,161.600992,2820.420096,-211.618,187.26,161.600992,0.0852076360419499,-3.181,0.0,59.879952,0.4491455196460121,-17.048,1838.931008,94.109,0.0,-188.467008,1200.0,913.866,67.119,-24.358,25.65,204.264604,0.294,-463.497,919.213024
-22.831,3335.878016,2683.316992,2013-09-30 00:00:00,0.0,1423.273984,667.696,29.309,46.841,142.851008,424.188,142.851008,2234.56,125.44,-357.94,469.247008,1124.40804,975.878016,-16.728,297.431008,2613.267968,0.0,20.6739,0.926,-589.172992,4083.383008,2360.0,386.063,-18.72,323.317,75.172896,31.616,4083.38304,-0.463,41.06,0.2816541365579101,92,-26.723,393.916992,0.0,2660.108968,78.37,-44.8471,0.0,-36.161,-357.94,75.172896,54.499,-179.066,120.02,125.44,3202.44096,-357.94,178.874,125.44,0.0740679696596193,1140.220032,0.0,75.172896,0.4802828358770179,-17.191,3107.504992,1107.91104,0.0,-1355.25504,2360.0,1021.337008,54.499,980.934,43.436,243.1016,0.023,-416.186008,975.878016
-41.617,3884.118912,2896.956928,2013-12-31 00:00:00,0.0,447.606016,986.019008,38.101,184.568008,119.541,466.417984,119.541,2443.668992,91.901,-1666.360064,497.432992,159.4,1348.548992,-28.072,330.616992,4079.749888,0.0,-5.8487,0.996,-637.676032,4711.923904,2535.56992,391.484,334.377984,361.387008,48.6413,22.271,4711.924224,0.452,-7.665,0.229956930890443,92,-22.836,445.400992,0.0,4264.317888,28.245,-29.2827,0.0,-33.539,-1666.360064,48.6413,54.49,-1505.185024,77.924,91.901,4717.426176,-1666.360064,161.175008,91.901,0.06807682126637,488.816,0.0,48.6413,0.361569438028158,-27.62,3363.374912,140.61,0.0,-683.529984,2535.56992,1133.865984,54.49,-1665.185056,183.235008,246.462544,0.119,-1755.740032,1348.548992
-40.005,3779.982016,2722.520064,2014-03-31 00:00:00,0.0,447.808,990.524032,37.792,46.645,144.21,549.582016,144.21,2203.702016,56.298,-280.895008,521.506008,168.899008,1519.982016,-23.52,347.28,4297.631232,0.0,-108.723552,0.999,-723.428992,4792.084096,2260.0,395.955,-0.176,462.519992,61.229448,17.485,4792.083968,-0.38,-165.216,0.2067660552379479,90,9.0,515.222,0.0,4344.276232,-61.958,-42.975552,0.0,-35.603,-280.895008,61.229448,169.952992,-72.628,104.205,56.298,5021.060096,41.048,208.267008,56.298,0.0658502803634271,-278.771008,0.0,61.229448,0.4152557014512785,-23.9,3272.10208,135.187008,0.0,34.901,2260.0,1231.156,169.952992,-26.254976,46.175,244.923596,0.153,-1781.237024,1519.982016
-38.855,3864.024,2812.246016,2014-06-30 00:00:00,0.0,443.228,996.022976,39.505,44.54,151.542,660.708992,151.542,2273.042944,26.957,-334.144992,558.144008,181.871,1564.024,-20.751,360.972992,4549.211136,0.0,32.86855,0.999,-823.500032,5036.979008,2300.0,414.836,-0.085,512.245992,71.701552,78.623,5036.9792,-0.475,63.771,0.2067826740005951,91,52.992,588.072992,0.0,4593.751136,88.886,-40.985448,0.0,-29.341,-654.078016,71.701552,38.833,-56.158,112.687,26.957,5372.710912,-654.078016,277.987008,26.957,0.0658732875447048,39.625,0.0,71.701552,0.4198153417527703,-21.226,3472.955008,147.574,0.0,-346.952992,2300.0,1336.300992,38.833,-13.212984,44.54,256.745196,0.135,-1813.037024,1564.024
-17.2,4240.087104,3097.78304,2014-09-30 00:00:00,0.0,531.678016,1002.424,43.048,50.945,135.499008,669.604992,135.499008,2482.806016,67.194,-383.848992,550.792008,248.125,1690.086976,-23.915,368.659008,4874.85184,0.0,-66.3195,1.0,-933.236992,5457.475008,2550.000128,413.115,369.985984,547.783008,77.525504,7.92,5457.475072,-1.1,-101.617,0.1943744983730079,92,-24.634,653.204,0.0,4925.79684,-16.687,-40.7735,0.0,40.237,-64.243,77.525504,121.587,-196.611008,118.299,67.194,5808.089088,-61.248,187.238,67.194,0.0543133124837314,248.060992,0.0,77.525504,0.3675456317616956,-25.015,3767.388032,199.998,0.0,-395.062016,2550.000128,1407.528992,143.844992,-316.560992,44.523,259.097804,22.22,-1830.582032,1690.086976
-39.877,4542.964928,3241.647104,2014-12-31 00:00:00,0.0,696.606976,1008.203008,44.213,25.683,92.543,795.128,92.543,2624.852992,45.811,-401.724992,512.664992,498.508008,1872.300992,-24.12,331.219008,5186.785792,0.0,-149.590352,1.001,-1092.79296,5909.076096,2670.663936,354.470016,250.0,570.982984,26.91365,-36.639,5909.075968,-1.109,-252.707008,0.1290828849730121,92,42.957,691.013008,0.0,5212.468792,-137.251008,-25.75235,0.0,-21.383,-401.724992,26.91365,176.504,-202.700992,52.666,45.811,6279.579136,-401.724992,199.024,45.811,0.0391447698412771,149.931008,0.0,26.91365,0.279401235330069,-25.229,4036.775104,182.076,0.0,-370.337984,2670.663936,1397.001984,176.504,-302.700992,12.335,207.878304,-0.055,-528.012,1872.300992
-38.854,4689.244992,2950.452992,2015-03-31 00:00:00,0.0,546.587008,1479.708032,46.307,40.988,82.025,642.238976,82.025,2354.811904,10.188,-359.112992,461.609008,401.658,2324.245056,-23.324,289.646016,5329.36192,0.0,44.5822,1.372,-1215.216,5916.937024,2364.999936,326.823,145.0,585.452984,26.5412,-34.91,5916.937216,-0.843,-40.107,0.1054474161925885,90,27.801,558.705008,0.0,5370.34992,-39.877,-16.6298,0.0,-35.623,-359.112992,26.5412,-18.041,-270.752,43.171,10.188,6544.578048,-359.112992,88.361,10.188,0.037852554872675,126.698,0.0,26.5412,0.2831904996753002,-24.167,3592.691968,131.384,0.0,-250.682,2364.999936,1350.497024,-18.041,-750.751992,40.988,202.681906,-0.07,-726.136016,2324.245056
-37.214,4631.932032,2961.735936,2015-06-30 00:00:00,0.0,377.652992,1486.036992,47.497,49.622,123.182048,545.264,123.182048,2341.316096,13.684,-228.316992,433.249056,211.782,2276.931968,-21.508,334.123008,5356.657152,0.0,107.211184,1.373,-1338.486016,5783.931904,2355.000064,300.104048,-148.591008,606.735976,53.98118,21.218,5783.931904,3.12904625,62.334,0.0963101558783607,91,37.991,512.246,0.0,5406.279152,37.546,-31.986866,0.0,-152.872,-228.316992,53.98118,-53.23,-86.792,85.968048,13.684,6695.142912,-228.316992,141.524992,13.684,0.0341859446440934,-170.579008,0.0,53.98118,0.3686727494085052,-18.378954,3506.999936,97.276,0.0,-123.818,2355.000064,1323.64704,-53.23,-108.16,48.545,184.961534,0.191,-756.770016,2276.931968
-36.264,4689.48192,2999.693056,2015-09-30 00:00:00,0.0,363.649984,1492.370944,48.191,53.883,57.91,415.932992,57.91,2367.73504,12.265,-153.203008,355.660048,236.479,2309.48192,-22.358,275.335008,5307.574784,0.0,-16.61328,1.376,-1466.422016,5725.107968,2380.0,203.451048,0.004,619.692968,10.44172,-62.619,5725.108224,-0.499,-101.327,0.05894522788088,92,-25.369,373.873992,0.0,5361.457784,-74.969,-11.20428,0.0,154.948992,-153.203008,10.44172,27.055,-102.752,21.646,12.265,6773.997056,-153.125008,50.451,12.265,0.0210823826444762,180.356,0.0,10.44172,0.2103255972447935,-22.857,3415.626048,97.215,0.0,-75.858,2380.0,1230.32304,27.055,78.693992,49.184,117.87775,0.249,-662.911008,2309.48192
-40.251,4621.926016,2959.46496,2015-12-31 00:00:00,0.0,365.286016,1498.44096,48.726,65.847,47.172,370.568,47.172,2292.854016,9.73,-108.031,306.249984,247.988992,2319.341952,-25.308,261.040992,5218.242048,0.0,0.7808241875,1.376,-1509.424,5649.374912,2302.584064,153.667008,618.955008,656.881008,4.748824,19.511,5649.375232,-0.117,-73.851,0.0435520607167441,92,18.111,359.420992,0.0,5284.089048,-66.493,-2.17217575,0.0,-2.535,-108.031,4.748824,3.968,-28.553,6.921,9.73,6727.666176,-107.034,79.478,9.73,0.0157940441016872,-53.223,0.0,4.748824,0.1807072507600645,-25.425,3330.03296,100.964,0.0,-28.79,2302.584064,1160.145024,3.968,-699.556,50.071,91.277344,-3.305,-488.848992,2319.341952
-38.26,4646.386944,2833.356032,2016-03-31 00:00:00,0.0,326.363008,1689.035008,49.334,56.736,1.66,282.463008,1.66,2182.541056,19.397,-103.411,150.950048,203.559,2444.449024,-24.366,203.596,5177.168896,-34.744192,34.744192,1.774,-1627.201024,5560.268064,2201.93792,-1.038952,213.248992,631.418016,-29.710808,-69.811,5560.267776,-0.363,-12.689,-0.0049667518198189,91,-70.457,276.555,0.0,5233.904896,-33.588,6.889192,0.0,9.667,-103.411,-29.710808,-64.455,-149.462,-36.6,19.397,6804.36992,-103.411,-46.051,19.397,-0.0020636487730688,86.073,0.0,-29.710808,0.0081534018350065,-24.729,3115.81904,104.558,0.0,-30.355,2201.93792,995.121024,-64.455,-458.77,49.215,-11.84246,0.479,-367.559,2444.449024
-35.011,4487.716032,2709.113088,2016-06-30 00:00:00,0.0,226.236992,1695.36,39.433,22.568,3.597,366.071008,3.597,2120.886016,6.475,-128.24,31.365,101.623,2360.355008,-21.876,209.556992,5186.73408,-69.51789,69.517888,1.777,-1752.376064,5435.539104,2127.361024,-118.421,145.0,581.752,-20.41311,62.087,5435.538944,-0.34,82.06,-0.037192759665862,91,69.084,324.763008,0.0,5209.30208,35.811,11.000891,0.0,-12.922,-128.24,-20.41311,-89.931,9.212,-31.414,6.475,6939.109888,-116.561,137.452,6.475,-0.0153726946962695,-65.316,0.0,-20.41311,0.0171647815979339,-22.216,3075.184096,85.455,0.0,-85.058,2127.361024,870.555008,-89.931,-188.725992,22.504,-86.23675,-0.032,-271.555,2360.355008
-31.985,4513.076992,2719.613952,2016-09-30 00:00:00,0.0,222.844992,1757.206016,40.084,22.743,-13.54,291.143008,-13.54,2111.796992,13.776,-108.973,-40.085,97.428,2387.504,-22.845,189.096992,5152.672768,-3.1965140000000005,3.1965135,1.779,-1866.279936,5398.26096,2125.572992,-185.592,-67.06,594.040984,-30.745486,-39.339,5398.261248,-0.489,-3.297,-0.0542577551520529,92,-31.782,268.644008,0.0,5175.415768,-14.206,14.779514,0.0,7.301,-108.973,-30.745486,-33.942,-76.955,-45.525,13.776,7018.953216,-108.319,32.018,13.776,-0.0229110354233498,72.041,0.0,-30.745486,-0.0716034658023539,-23.334,3010.75696,82.193,0.0,-96.758,2125.572992,784.316992,-33.942,63.716984,22.549,-127.423956,-0.259,-245.758,2387.504
-34.889,5220.37088,2874.360064,2016-12-31 00:00:00,0.0,238.548992,2347.60192,51.903,20.516,5.414,381.115008,5.414,2285.988096,11.226,-867.153984,-2.869,12.34,2923.156928,-23.921,224.392,5919.566848,-35.628978,35.62898,2.331,-1995.790976,6178.632,2297.213952,-143.014,1406.684032,577.145992,-19.059022,37.114,6178.632192,-0.593,54.682,-0.0381480703339702,92,11.537,302.558992,0.0,5940.082848,28.304,10.415979,0.0,-2.55,-867.153984,-19.059022,-54.688,-762.555008,-29.475,11.226,7915.358208,-867.153984,104.599,11.226,-0.0169082761644367,751.507968,0.0,-19.059022,0.0241274198723662,-24.514,3255.475072,4.355,0.0,-858.657024,2297.213952,826.641984,-54.688,-2001.555048,20.516,-99.995608,-0.028,-979.76,2923.156928
-36.305,5259.35296,2883.64288,2017-03-31 00:00:00,0.0,269.192992,2356.828928,52.922,23.954,14.814,352.511008,14.814,2292.093952,13.785,-96.047,10.285,14.654,2953.47392,-23.834,277.156,5896.480768,38.395124,-38.395124,2.344,-2126.136064,6189.627808,2305.87904,-127.905,-0.055,577.763984,-14.570124,9.177,6189.627904,-1.489,-48.457,-0.0314149508541039,90,-16.98,317.610992,0.0,5920.434768,-25.712,6.9208755,0.0,2.559,-96.047,-14.570124,23.825,11.752,-21.491,13.785,8022.617088,-96.047,107.799,13.785,-0.0144320842174489,-0.474,0.0,-14.570124,0.0534500425753005,-25.323,3236.153888,4.452,0.0,-104.766,2305.87904,900.201984,23.825,16.752,20.139,-84.787742,0.016,-818.546008,2953.47392
-37.004,5337.29312,2943.42912,2017-06-30 00:00:00,0.0,290.207008,2364.429056,56.565,40.5,7.64,340.681984,7.64,2348.242944,11.44,-156.414,14.328,42.523,2977.610048,-23.548,253.152,5931.014144,30.208198000000003,-30.208198,2.345,-2252.653056,6261.721152,2359.683072,-125.855,0.0,583.745992,-13.640198,-8.493,6261.721088,-1.667,-52.165,-0.0292301763617989,91,2.914,334.866008,0.0,5971.514144,-42.711,15.723802,0.0,-2.345,-156.414,-13.640198,16.568,-54.352,-29.364,11.44,8183.6672,-152.414,102.062,11.44,-0.0133389921719404,49.968,0.0,-13.640198,0.0301794969030463,-25.215,3284.111104,0.062,0.0,-154.375008,2359.683072,943.796992,16.568,-0.352,28.666,-78.01483,-0.166,-882.110008,2977.610048
-37.994,5399.258104,2910.868992,2017-09-30 00:00:00,0.0,322.444,2371.446016,58.218,33.150000000000006,40.628,421.697984,40.628,2332.124928,8.488,-191.188,68.496,11.404,3058.644984,-22.531,312.843008,6035.617792,-39.141256,39.141256,2.348,-2388.70912,6391.21196,2340.61312,-77.696,-0.096,570.256008,-2.072744,22.207,6391.212032,-0.854,54.319,-0.0185142087529829,92,-44.3,400.190984,0.0,6068.767792,42.101,-4.556744,0.0,-2.952,-191.188,-2.072744,-41.214,-102.312,2.634,8.488,8424.327168,-191.188,88.876,8.488,-0.0083705330727039,91.986,0.0,-2.072744,0.1298670545962785,-23.385,3332.566976,0.065,0.0,-183.814,2340.61312,1067.543008,-41.064,-125.312,32.447,-49.342088,-0.605,-907.467008,3058.644984
-36.866,5611.185088,2478.07104,2017-12-31 00:00:00,0.0,407.835008,2679.885056,54.693,33.809,77.735,623.48,77.735,2080.886016,16.72,-265.94,140.816992,8.168,3513.579072,-24.627,397.008992,6173.48608,99.543318,-99.54332,2.668,-2534.214912,6615.130112,2097.606016,-7.352,-2.618,380.464992,25.073682,81.277,6615.130112,-7.59,132.851,-0.0016572695515116,92,1.446,502.808008,0.0,6207.29508,-63.48,-12.295318,0.0,8.232,-265.94,25.073682,124.617,-56.801,40.869,16.72,8707.700736,-264.166,209.139008,16.72,-0.0008159358249712,70.898,0.0,25.073682,0.1958016104582336,-32.217,3101.55104,0.193,0.0,-271.804992,2097.606016,1240.16,128.117,-302.026992,33.8,-5.2194445,-0.577,-201.712992,3513.579072
-37.329,6582.692048,3082.758912,2018-03-31 00:00:00,0.0,418.856992,3058.157056,59.777,33.467,76.104,670.012992,76.104,2678.799104,17.735,-254.838,202.107,7.105,3886.158032,-27.94,436.838016,7186.60608,-26.10724,26.10724,3.154,-2688.36096,7638.929936,2696.534016,52.914,-3.755,386.224992,26.69724,0.248,7638.92992,-0.769,80.054,0.01076035451423,90,-9.132,515.428,0.0,7220.07308,87.636,-8.955759,0.0,1.015,-254.838,26.69724,0.59,-26.479,38.775,17.735,9874.966528,-254.838,228.359008,17.735,0.0052150022379658,585.224,0.0,26.69724,0.1742156067296121,-28.709,3752.771904,1.151,0.0,-812.568,2696.534016,1399.842016,3.712,568.521008,33.467,36.05798,-0.183,-239.944,3886.158032
-40.692,6331.731936,3058.56896,2018-06-30 00:00:00,0.0,424.955008,3066.014976,60.453,283.138984,79.658,832.515008,79.658,2740.409088,17.072,-282.120992,274.125,6.581,3574.250976,-28.23,513.902016,6757.240832,-234.159928,234.159936,3.154,-2691.696896,7465.334944,2757.48096,121.244,-9.968,301.088,-86.044072,41.285,7465.334784,-0.617,523.958016,-0.011333736694879,91,40.078,633.682008,0.0,7040.37984,430.213016,-121.107072,0.0,-0.663,-282.120992,-86.044072,-320.204,21.536,38.966,17.072,9448.938496,-279.884992,303.656992,17.072,-0.0052955119202417,39.846,0.0,-86.044072,0.1550062025831788,-28.847,3891.083968,0.707,0.0,-344.166016,2757.48096,1660.592032,-316.300992,73.629024,283.113984,-36.345894,0.218,-164.056,3574.250976
-39.449,6277.091808,2955.66208,2018-09-30 00:00:00,0.0,483.496,3073.798912,59.132,32.798,76.986,816.686016,76.986,2616.116992,16.892,-306.836,310.483,7.011,3644.082912,-34.859,481.257984,6900.13696,40.77506,-40.77506,3.157,-2859.788032,7416.431008,2633.008896,156.147,-4.407,322.653,21.56594,9.972,7416.431104,-22.315,25.121,0.0313573121416526,92,-52.792,632.639008,0.0,6932.93496,57.452,-12.08906,0.0,-0.18,-306.836,21.56594,62.341,-76.851,37.537,16.892,9759.925248,23.956992,229.984992,16.892,0.0146439523391807,-133.196,0.0,21.56594,0.1599682551967803,-57.174,3772.348096,0.567,0.0,-96.969,2633.008896,1703.99696,66.223,125.895008,32.798,101.099234,0.111,-138.595,3644.082912
-41.494,6654.155904,3095.485952,2018-12-31 00:00:00,0.0,554.155008,3080.911872,60.135,44.878,28.377,611.776,28.377,2713.085952,22.19,-889.665984,261.124992,111.235,3918.879872,-30.317,548.24,7027.108864,236.059147,-236.059152,3.157,-3036.851968,7626.141824,2735.276032,102.161,-11.602,360.210008,-14.082147,-27.338,7626.142208,-3.731,-243.432,0.0073651366977425,92,8.159,606.552016,0.0,7071.986864,-166.193,3.9238525,0.0,5.298,-889.665984,-14.082147,221.976992,-655.246016,-13.117,22.19,10063.961088,-889.465984,234.42,22.19,0.0036772057175295,130.711,0.0,-14.082147,0.0517601780242229,-34.048,3707.261952,0.308,0.0,-359.832992,2735.276032,2108.418944,226.866,-557.196,37.933,26.184044,-0.025,-737.04,3918.879872
-44.514,6640.228096,3166.364928,2019-03-31 00:00:00,0.0,521.529984,3090.265088,55.113,43.333,67.441,668.846016,67.441,2813.650944,15.442,-237.448,252.462,13.18,3811.135072,-34.459,589.177984,7081.482752,-102.656706,102.656704,3.182,-3233.10592,7646.346016,2829.093024,86.313,-5.411,352.892,-12.225294,38.171,7646.34624,-0.83,130.605,-0.0246254323008924,90,-36.096,620.491,0.0,7124.815752,136.071,-28.248294,0.0,-6.748,-237.448,-12.225294,-114.882,-62.522,22.927,15.442,10314.589184,-237.448,174.926,15.442,-0.0118788266629524,42.328,0.0,-12.225294,0.1144662594860299,-35.289,3835.210944,0.309,0.0,-224.002,2813.473024,2132.577984,-107.978,-10.522,43.152,-90.785573,-0.046,-773.083016,3811.135072
-42.907,6791.4658,3285.402112,2019-06-30 00:00:00,0.0,471.72,3099.53792,62.185,49.400000000000006,62.055,558.428032,62.055,2904.75008,20.258,-288.052992,234.859,25.302,3866.457904,-30.926,519.588,7189.168128,28.183761,-28.18376,3.183,-3416.18304,7710.288048,2925.007896,66.495,-6.495,370.857,14.573239,-70.767,7710.287872,-0.887,-20.799,0.0228307832639211,91,-6.385,538.839984,0.0,7238.568128,0.276,3.842239,0.0,4.816,-288.052992,14.573239,42.757,-74.047,19.148,20.258,10605.350912,-288.052992,214.006,20.258,0.0107009393736997,94.461,0.0,14.573239,0.1194311646920252,-31.813,3843.830144,0.195,0.0,-303.651008,2914.544896,2138.263968,51.174,26.953008,43.764,81.196709,0.279,-868.666016,3866.457904
-43.424,6728.362944,3173.455104,2019-09-30 00:00:00,0.0,495.614016,3108.123904,64.286,60.498,22.07,593.860992,22.07,2809.276928,19.425,-188.768992,179.943,57.814,3899.660896,-52.86,475.62,7110.864896,54.433008,-54.433008,3.186,-3624.164096,7666.976992,2828.702048,7.604,-4.889,355.501008,-34.145008,59.029,7666.976768,19.348,-37.94,0.0070687241059995,92,66.793,578.549984,0.0,7171.362896,-46.951,-2.76801,0.0,-0.833,-188.768992,-34.145008,20.288,62.193,-21.354,19.425,10735.029248,-147.729992,250.962,19.425,0.0033793107255702,-108.632,0.0,-34.145008,0.0464025903031832,-33.512,3767.316096,0.332,0.0,-143.163008,2817.954048,2132.625984,30.311,-0.190968,50.769,25.485761,0.473,-729.622016,3899.660896
-44.938,6575.163864,3059.289088,2019-12-31 00:00:00,0.0,437.351008,3115.572992,62.324,65.62899999999999,42.805,602.883008,42.805,2718.064128,20.019,-175.96,208.616992,10.892,3837.080992,-25.261,492.209984,6996.273152,-65.510177,65.510176,3.189,-3764.914944,7499.253088,2738.082872,32.834,-5.945,329.800992,-10.895823,26.943,7499.253248,-4.289,99.918,-0.0140845407959356,92,36.9,569.505008,0.0,7061.902152,83.296,3.489177,0.0,0.594,-175.96,-10.895823,-76.406,76.999,-2.133,20.019,10761.188352,-174.623,252.959008,20.019,-0.0068634979033767,-94.425,0.0,-10.895823,0.0869649161769136,-29.55,3662.172096,0.346,0.0,-157.94,2729.487872,2090.841984,-64.154,-9.912984,64.99,-51.90656,-0.266,2.623,3837.080992
-95.694,2300.229992,2870.332928,2020-03-31 00:00:00,0.0,654.620032,3122.275072,62.552,50.513000000000005,-71.204,498.673984,-71.204,2665.400064,134.002,-147.600992,55.726,266.964,-499.171936,-31.174,392.817984,2164.701952,-3957.213512,3957.21344,3.221,-8556.566016,2869.834976,2799.401928,-171.237,-6.028,75.232,-353.647488,-105.51,2869.835008,-27.316,4422.742016,0.0,91,40.009,487.696016,0.0,2215.214952,4174.872024,-210.163504,0.0,113.983,-147.600992,-353.647488,-4310.8608,-39.826,-166.898,134.002,10721.267712,-135.787992,107.775,134.002,-0.0730521985008678,136.976,0.0,-353.647488,-0.1812646133838923,-58.49,3369.006912,0.27,0.0,-130.768,2795.100928,1880.235968,-4334.275072,117.299008,47.142,-384.11508,0.063,25.319,-499.171936
-43.551,2192.305976,2854.183936,2020-06-30 00:00:00,0.0,418.835008,3127.151104,65.36,39.369,131.191,361.352992,131.191,2704.80896,77.408,-122.682,124.862,102.993,-589.910976,-37.443,305.400992,2167.421952,-129.351024,129.351024,4.239,-8521.39008,2625.625952,2782.216952,-102.745,-6.116,75.402,36.408024,-58.623,2625.626112,-1.43,54.691,0.0,91,-45.01,352.148008,0.0,2206.790952,56.943,-47.637976,0.0,-56.594,-122.682,36.408024,-92.943,-170.562,87.64,77.408,10688.812032,-120.715,-47.88,77.408,-0.0701012596584704,-27.048,0.0,36.408024,0.4295696590271717,-38.873,3215.536928,1.667,0.0,18.334,2778.781952,1666.04896,-89.349,-189.209,39.369,-362.280295,0.837,-71.196,-589.910976
-35.916,-147.67224,2569.634048,2020-09-30 00:00:00,0.0,339.440992,3131.983872,2076.26304,38.361,143.076992,575.294016,143.076992,406.214016,84.265,-21.493,245.868992,17.166,-638.151232,-49.251,351.212992,2128.974976,-123.89524,123.89524,3.232,-8560.525824,2506.776832,490.478992,25.77,-6.09,2081.16104,68.19624,45.547,2506.777088,-1.198,66.061,0.0,92,48.958,212.135,0.0,2167.335976,65.751,-30.362764,0.0,6.857,-21.493,68.19624,-55.699,73.517,107.161,84.265,10689.501184,-20.085,95.01,84.265,-0.0510999284392358,-148.222,0.0,68.19624,0.407379553886207,-50.449,3144.928064,1.78,0.0,60.069,488.472992,1541.641952,-47.097,-67.182008,38.361,-259.939047,1.473,-59.872,-638.151232
1614.381952,1729.334,805.067008,2020-12-31 00:00:00,0.5672268907563025,271.616992,965.854016,54.107,38.349,72.392,341.231008,72.392,700.739008,15.856,-50.036,275.456,15.293,1012.739016,-41.65,258.242,1734.870016,-849.7137680000001,1721.840768,0.2,-17.491,2159.037032,716.594984,1714.676992,-18.959,92.705,1618.976768,30.017,2159.036928,0.53,-701.569984,0.6018933937892128,92,30.129,277.002992,37.06,1887.420016,-690.429984,-136.912288,59.5,-64.039,-50.036,1618.976768,769.262976,93.25,1686.774016,15.856,1752.36096,-50.036,143.286,15.856,0.2836803233359387,-157.406,2.677,1618.976768,0.2803262056520627,-41.12,1146.298016,5.097,37.06,-49.919,712.361984,1307.673984,700.147968,-45.092,38.349,1369.93344,1621.500032,-43.621,1012.739016
-8.239,1640.318056,826.536,2021-03-31 00:00:00,2.7713522734904963,422.523008,958.281024,53.804,36.1,128.154,508.639008,128.154,565.260992,113.054,-21.958,474.813992,11.228,962.003024,-20.737,332.863008,1725.035008,0.0,98.94512,0.2,-56.003,2297.178032,678.315032,2001.490016,-21.871,150.364,55.35312,63.284,2297.178112,-0.423,188.223008,0.0,90,7.248,344.261992,59.39,1874.655008,186.767008,-56.23488,44.667,92.828,-21.958,55.35312,-43.592,168.454992,119.915,113.054,1781.037952,-19.272,190.412992,113.054,0.6885734991127719,-55.717,2.564,55.35312,0.3850052331438404,-21.16,1335.175008,3.002,59.39,-41.868,676.172032,1247.718992,-35.265,144.82999999999998,33.43,1778.934152,0.458,164.660008,962.003024
-23.573,2069.99196,1223.517952,2021-06-30 00:00:00,0.1803719148936166,732.332032,870.766976,50.914,531.908992,96.616,691.425024,96.616,659.304,388.915008,-137.759008,440.238992,8.078,1021.772976,-20.21,337.080992,1559.635968,0.0,-24.205786,0.2,-81.327,2936.715952,1048.218984,1986.893016,-16.058,177.492,49.158216,21.458,2936.716032,-1.25,61.352,0.0,91,-22.09,429.031016,100.55,2204.384,69.708,-15.939785,18.8,675.860992,-137.759008,49.158216,73.364,22.190991999999994,73.043,388.915008,1640.962944,229.373984,159.95,388.915008,0.64421939449829,427.292992,2.4170000000000003,49.158216,0.2866254766450907,-21.46,1914.942976,2.892,100.55,88.618,1046.025984,1279.398992,81.309,767.909,499.048992,1791.684344,-1.002,357.413008,1021.772976
