Non-Operating Income (Loss),StockBased Compensation,Line of Credit Available,Equity Charge,WACC Discount Factor,Other Accrued Liabilities,Operating Leases,Line of Credit,Total Current Liabilities,BALANCE SHEET,Total Liabilities & Equity,Operating Income,NonCash Items,Days in Period,Net Share Repurchases,"Cash, Cash Equivalents & STI",Misc LT Assets,Rental Expense - Years 2 - 5,"Selling, General & Admin",Revenue,ST Debt,-Net Share Repurchases,LTM Basic EPS,Rental Expense - Year 1,ST Capital Leases,Rental Expense Beyond Year 5,Dep & Amort,Work In Process,Total Liabilities / Tangible Assets,Current Liabilities,Other Adjustments,Free Cash Flow (LTM),Deferred Compensation,Other Operating Expenses,Free Cash Flow to Firm,ST Deferred Tax Assets,Cash (Repurchase) of Equity,Free Cash Flow to Equity,Deferred Tax Liabilities,Repayments of LT Debt,Other PostRet Benefits,Effect of Foreign Exchanges,Income (Loss) from Cont Ops,year + weight + convention,Free Cash Flow to Firm Model,Dividends,Net Extraordinary Losses (Gains),Net Cash From Disc Ops (fin),Period Weight,Pretax Income,LT Marketable Securities,ST Borrowings,Dividend Yield (LTM),Free Cash Flow per Share,LT Receivables,Prepaid Expenses,Cash % of Revenue,Diluted - Basic Shares,Diluted EPS,Operating Margin,Operating Expenses,Line of Credit Used,Interest & Dividends Payable,PP&E Gross,EBITDAR,A = L + SE,Inventories,Discontinued Operations NI,PV of Free Cash Flow to Firm,Pensions,Raw Materials,Other Non-Op Income (Loss),Bull,Discounted Residual Income (Bear)
-9.053,921.309984,590.742016,2011-03-31 00:00:00,-5.877456140350877,152.804992,211.716992,68.689,75.06700000000001,1.251,173.004,1.251,282.009984,14.699,-71.079,8.703,75.594,624.600992,-27.266,79.643,1152.957056,-15.18145,18.50445,0.235,-540.902016,1388.347008,296.708992,-25.734,6.079,294.033008,-4.74255,-10.623,1388.347008,-1.669,27.69,-0.0248728567613242,90,-10.623,73.737,48.01,1235.542056,13.666,3.05945,11.4,-39.673,-71.079,-4.74255,-19.924,-55.603,-7.802,14.699,1693.858944,-61.127,15.476,14.699,-0.0110126224703155,6.079,0.023,-4.74255,0.0,-28.935,763.746016,35.404,48.01,-61.228,296.708992,305.234,-23.247,-45.651,37.833,-14.4007,0.0,-266.578,624.600992
-9.065,951.514976,583.192,2011-06-30 00:00:00,-0.3881572282443521,127.901,215.472992,57.127,66.55199999999999,1.799,223.102,1.799,307.352992,6.771,-80.276,7.984,63.909,637.390976,-37.716,88.217,1244.413056,12.30965,-11.30965,0.236,-573.36,1443.684976,314.124,-27.88,-1.924,269.068008,-3.14465,22.024,1443.684992,-1.215,-16.775,-0.0244200483320926,91,22.024,135.424,29.91,1315.784056,-7.745,4.12135,-39.484,-7.928,-80.276,-3.14465,9.165,-24.158,-7.266,6.771,1817.773056,-80.166,56.118,6.771,-0.0109499500686045,14.477,0.036,-3.14465,0.0,-38.931,806.294,25.112,29.91,-78.523,314.124,322.092,8.165,-7.647,32.006,-14.29695,0.0,-289.482,637.390976
-9.832,1151.443024,749.860992,2011-09-30 00:00:00,0.3568361033604268,195.532,216.798,57.303,87.764,18.658,170.288992,18.658,447.928,32.31,-89.795,28.317,116.499,671.205008,-13.683,95.87,1303.774976,27.226650000000003,-25.53465,0.236,-603.612992,1591.354992,480.238016,-9.226,6.507,269.623,5.33335,-17.042,1591.355008,-1.135,-40.584,-0.0069237035691055,92,-17.042,91.31,19.39,1395.822976,-15.961,-3.49265,-41.215,25.539,-89.795,5.33335,32.56,-55.922,8.826,32.31,1907.388032,-89.717,33.873,32.31,-0.0030540631430021,172.087008,0.031,5.33335,0.0,-14.818,920.149984,59.706,19.39,-180.420992,480.238016,342.651,30.868,109.736008,48.544,-4.3397,-0.372,-337.891,671.205008
-9.36,1196.268992,838.846976,2011-12-31 00:00:00,1.92718343453215,173.05,217.943008,78.011,220.403,16.213,195.046,16.213,523.919008,8.238,-249.38,37.549,104.889,664.112,-29.427,103.383,1301.715968,-13.4148,17.7588,0.236,-652.844992,1698.004976,532.156992,0.611,1.122,306.689992,5.0508,6.25,1698.004992,-2.234,30.303,0.0036698954581296,92,6.25,109.353,35.11,1524.954976,24.223,-1.8022,-64.23,-24.072,-249.38,5.0508,-8.364,-188.012992,6.853,8.238,1954.561024,-249.38,61.367,8.238,0.0015529115268995,50.79,0.213,5.0508,0.0,-31.661,1033.892976,44.08,35.11,-136.228992,532.156992,367.112992,-12.708,-136.513,179.228,2.39695,0.0,-313.556,664.112
-10.442,1096.040992,719.075008,2012-03-31 00:00:00,-1.791046658259773,159.972992,219.376,80.369,73.989,20.186,165.262,20.186,413.153984,1.655,-107.029,56.856,94.299,681.232,-25.799,89.432,1329.459968,9.762899999999998,-0.6919,0.237,-692.030976,1565.569008,414.808992,18.157,-0.249,304.266,6.0721,-5.181,1565.569024,-1.872,-19.029,0.0203890924292289,91,-5.181,73.804,37.09,1405.595968,-6.169,-3.6719,79.3,-6.583,-107.029,6.0721,15.835,-62.73,9.744,1.655,2021.490944,77.617,44.299,1.655,0.0090128492860287,-118.499,0.241,6.0721,0.2257133911798908,-27.671,884.337008,19.521,37.09,67.617,414.808992,376.902,6.764,3.666,37.238,13.3116,0.0,-330.822992,681.232
-10.053,1450.819968,876.934976,2012-06-30 00:00:00,-0.0467379826454247,153.87,384.577984,78.651,82.11,-1.175,182.048992,-1.175,586.019968,5.956,-46.159,53.882,91.569,858.843968,-22.868,61.011,1680.411008,24.4505,-31.3575,0.303,-725.963008,1917.827936,591.976,14.195,162.902,284.958992,-12.1795,-3.83,1917.827968,-2.374,-20.864,0.0057169728084718,91,-3.83,96.737,24.52,1763.958008,-17.493,-0.9515,-21.781,4.301,-46.159,-12.1795,12.271,-20.763,-11.228,5.956,2406.373888,-43.465,25.396,5.956,0.0025445387543589,339.152,0.039,-12.1795,-0.0192588221796069,-25.242,1058.983968,20.352,24.52,-360.247008,591.976,349.696,19.178,158.181,46.19,4.27675,0.0,-327.427992,858.843968
-11.357,1462.717984,918.272,2012-09-30 00:00:00,0.8573579014857974,117.158,387.247008,80.957,80.378,11.996,184.822,11.996,631.001024,2.907,-106.612,47.22,67.34,828.810016,-24.97,77.758,1733.662976,-31.742,27.11,0.303,-742.334976,1931.904016,633.907968,6.008,0.383,284.364008,-0.901,23.94,1931.904,-1.773,33.398,-0.0026101071904997,92,23.94,98.594,31.63,1814.745976,16.203,-1.54,-35.873,-3.049,-106.612,-0.901,-32.643,-66.629,0.639,2.907,2475.997952,-101.912,39.983,2.907,-0.001111243877078,41.383,-0.101,-0.901,0.1542735152653103,-26.743,1103.094,14.543,31.63,-84.415,633.907968,331.584,-28.011,-20.929,63.913,-1.9576,0.0,-338.134992,828.810016
-16.427,1379.76,920.318016,2012-12-31 00:00:00,8.131920710868078,171.948992,387.796992,85.175,38.193,8.599,203.348992,8.599,674.121984,2.457,-385.683008,55.785,104.612,703.180992,-30.201,93.302,1616.706048,-121.92265,15.37365,0.303,-943.340992,1826.848,676.579008,7.506,-175.004992,243.739008,-4.25235,-1.778,1826.848,-14.875,223.782,0.0073404164716145,92,-1.778,119.487,33.21,1654.899048,159.705,3.57565,-35.112,-0.45,-385.683008,-4.25235,-126.175,-320.64,-7.828,2.457,2560.047104,-384.179008,65.043,2.457,0.0028473527896847,9.401,-0.036,-4.25235,0.0921630833208291,-45.076,1123.667008,16.419,33.21,-74.894,676.579008,337.681984,-19.626,-297.726024,31.31,5.01825,0.0,-470.761984,703.180992
-13.357,1353.875008,921.155008,2013-03-31 00:00:00,-1.2777562434243317,152.659008,390.134016,91.44,253.681,27.16,194.752992,27.16,685.475968,2.494,-54.294,34.468,84.343,665.905024,-28.851,102.655,1375.473024,-47.76565,49.302648,0.303,-452.748,1781.813024,687.969984,-16.726,-0.014,233.185,8.34765,-8.085,1781.812992,-1.689,80.348,-0.0075572861695767,90,-8.085,108.68,49.57,1629.154016,61.558,-5.45535,36.118,0.037,-54.294,8.34765,-39.418,-10.032,13.803,2.494,1828.221056,-54.256,44.262,2.494,-0.0030413917357916,10.031,0.163,8.34765,0.2645755199454483,-30.54,1115.908,16.92,49.57,-54.256,687.969984,377.093,-40.955,0.506,248.5,-5.09035,0.0,-418.064,665.905024
-13.086,1327.254976,835.505024,2013-06-30 00:00:00,-3.0203234542279365,177.247008,392.920992,73.657,75.30799999999999,20.051,167.802,20.051,595.915008,43.212,-77.589,50.061,60.088,688.128,-15.783,100.484,1438.88,15.36655,-11.95055,0.304,-483.432992,1691.435024,639.126976,-4.166,-1.947,196.378,4.55145,-48.602,1691.435008,-1.437,-15.088,0.002557900260543,91,-48.602,108.321,51.48,1514.188,-1.352,-2.41355,39.511,40.718,-77.589,4.55145,19.918,-79.825,6.965,43.212,1922.31296,95.670008,-2.236,43.212,0.0010963457155414,-52.716,0.262,4.55145,0.199544206042753,-17.22,1003.307024,26.756,51.48,95.67,639.126976,394.082,16.502,43.684008,64.887,1.9785,0.0,-477.126,688.128
-11.827,1604.898032,748.414016,2013-09-30 00:00:00,-0.4752635956322271,404.374016,671.347008,79.291,66.888,14.708,311.451008,14.708,355.312,298.488,-116.634,70.518,49.705,951.098016,-32.179,93.902,1539.700992,-18.3684,16.2754,0.357,-514.024,2010.96304,653.800016,15.821,-2.368,198.664,2.3684,40.769,2010.962944,-1.841,28.547,0.0123772125322933,92,40.769,139.114,59.54,1606.588992,21.878,-0.5126,-74.546,255.276,-116.634,2.3684,-16.0,-39.117,2.881,298.488,2053.725056,-110.944,77.517,298.488,0.0055873810384406,288.703008,0.239,2.3684,0.1566313816532129,-34.02,1059.865024,17.807,59.54,-110.944,549.750016,390.343,-13.907,-19.677,60.966,11.01515,0.0,-449.614,951.098016
-12.606,1572.584,844.188992,2013-12-31 00:00:00,0.1572257529704337,325.812992,674.568,117.59,218.403992,41.714,213.42,41.714,412.348,192.642,-148.51,106.347,45.06,967.593984,-16.991,145.764,1480.985984,-4.9464500000000005,4.94645,0.357,-529.543008,2025.202976,604.990016,56.664,1.977,239.199,18.14545,8.546,2025.202944,-1.883,12.514,0.0424116383222632,92,-32.963,133.349,53.22,1699.389984,18.745,-10.96255,-94.094,-105.245,-148.51,18.14545,13.199,-108.888,29.108,192.642,2010.529024,-147.578,39.622,192.642,0.0183954742629696,2.711,0.243,18.14545,0.2861749128728629,-18.874,1057.608992,13.504,53.22,-147.578,604.990016,427.760992,13.199,-105.706,213.900992,35.430152,0.0,-237.862,967.593984
-11.996,1635.333016,757.196992,2014-03-31 00:00:00,-0.1805740889007501,293.601984,677.724032,71.928,45.774,28.854,339.835008,28.854,520.003008,147.194,-135.758,105.327,42.152,968.136032,-49.354,140.328,1725.792,-12.15785,11.43885,0.358,-599.934976,2065.168032,667.196984,55.812,-0.801,195.947,10.03085,10.835,2065.168,-0.307,22.933,0.0429562646190941,90,10.835,142.653,62.26,1771.566,25.144,-6.82715,-67.446,-46.049,-135.758,10.03085,-2.127,-55.267,16.858,147.194,2325.726976,-134.989,80.491,147.194,0.0182460740372693,8.449,0.358,10.03085,0.2056182657773217,-49.661,1097.032,15.53,62.26,-134.988992,561.249984,480.478,-1.408,-45.248,43.208,35.09615,0.0,-283.097,968.136032
-12.112,1612.191976,761.819008,2014-06-30 00:00:00,0.2063099393405401,213.568,681.377984,59.456,44.136,28.539,381.335008,28.539,628.563968,40.357,-157.89,113.815,56.283,943.270976,-41.068,144.132992,1828.721024,-12.891949999999998,14.08295,0.359,-653.169984,2086.424992,668.921,65.274,-1.476,199.819,-15.29505,-3.93,2086.42496,-0.276,46.368,0.0186951815274401,91,-3.93,157.906,63.15,1872.857024,29.473,-31.72205,-88.527,-106.837,-157.89,-15.29505,-28.187,-106.791,16.427,40.357,2481.891072,-157.21,51.099,40.357,0.0080731684758941,-0.726,0.336,-15.29505,0.1980046317223471,-41.344,1143.154016,11.38,63.15,-157.21,562.0,524.126992,-29.378,-105.361,42.978,15.24965,0.0,-310.063,943.270976
-11.782,1677.936,930.108032,2014-09-30 00:00:00,0.1260169436719913,157.208992,686.403968,127.192,237.503,8.467,246.378,8.467,657.670976,18.242,-157.432992,108.397,36.896,1002.022976,-47.972,129.884,1783.796992,60.2322,-60.3122,0.359,-670.761024,2178.509008,675.913024,58.522,-0.449,254.195,-6.2352,14.848,2178.509056,-0.19,-92.157,0.037120997775851,92,14.848,179.667,50.29,2021.3,-49.381,-2.9202,-77.315,-21.619,-157.432992,-6.2352,53.997,-87.058,-3.315,18.242,2454.557952,-157.294992,70.375,18.242,0.0173057129872213,65.301,0.23,-6.2352,0.0651889378214406,-48.162,1176.486032,8.986,50.29,-157.295008,675.913024,577.278992,54.077,-21.169992,219.464,36.2509,0.0,-358.004,1002.022976
-10.662,1802.282016,892.838016,2014-12-31 00:00:00,12.841582266386393,340.719008,689.568,102.025,199.683,-1.055,310.391008,-1.055,648.857024,16.066,-179.59,85.478,193.449008,1137.359008,-40.68,110.048,1800.185984,144.12835,-96.346352,0.359,-831.699008,2340.588032,664.923008,38.926,2.638,227.915,-12.37635,5.272,2340.588032,-0.174,-193.966,0.0253358151952497,92,-29.326,202.147,41.27,1999.868992,-118.065,-0.65935,-10.466,-4.751,-179.59,-12.37635,131.752,-144.866,-11.717,16.066,2631.885056,-26.72,34.724,16.066,0.0122155871165555,-12.755,0.228,-12.37635,-0.0095867257923815,-40.854,1203.229024,5.954,41.27,-26.72,664.923008,545.065984,83.97,-3.996,86.864,26.66535,0.0,-391.903008,1137.359008
-10.612,1970.651048,845.147008,2015-03-31 00:00:00,2.908502695976773,374.719008,895.657024,105.296,196.504,24.61,249.723008,24.61,542.926976,67.494,-176.111008,60.554,209.073992,1360.230016,-21.938,128.382,1883.876992,8.449049999999998,-8.44905,0.4,-887.432,2455.100032,610.421032,14.59,-1.213,234.831,8.61295,7.941,2455.099904,-0.285,-11.848,0.0031321965058992,90,7.941,132.168,54.04,2080.380992,1.054,-5.38505,-24.11,51.428,-176.111008,8.61295,17.062,-94.234,13.998,67.494,2771.309056,-176.087008,81.877,67.494,0.0016133778251387,145.638,0.404,8.61295,0.1916935395927778,-22.223,1094.870016,5.205,54.04,-176.087008,610.316032,520.768,17.062,-150.210008,83.979,3.64645,0.0,-432.949,1360.230016
-10.432,1981.411952,767.713984,2015-06-30 00:00:00,2.2113091982937765,250.95,898.830976,83.407,155.236,29.102,307.316,29.102,663.449024,1.376,-182.024,61.124,159.569008,1316.586976,-21.503,144.05,1985.43104,0.0,59.3679,0.401,-956.396032,2391.61696,664.824976,17.636,-1.893,214.019,12.4979,-32.274,2391.617024,-0.275,99.685,0.0022119089368321,91,-32.274,106.687,53.64,2140.66704,73.618,-6.1721,-36.572,-66.118,-182.024,12.4979,-46.87,-117.444,18.67,1.376,2941.827072,-181.805,64.58,1.376,0.0011162467922051,51.107,0.408,12.4979,0.2020270739326622,-21.778,1075.029984,3.678,53.64,-181.804992,553.694976,512.364,-46.87,-64.225,85.348,2.4993,0.0,-443.602,1316.586976
-10.714,1943.155952,728.774976,2015-09-30 00:00:00,-0.4260162601626016,326.292992,903.438976,89.103,144.69,45.958,335.799008,45.958,659.729984,3.69,-130.901,98.615,215.827,1279.735968,-21.309,175.544,1873.326976,0.0,65.649648,0.401,-1061.854976,2344.309952,663.419984,56.195,-0.41,177.733,24.15565,13.781,2344.310016,-0.252,100.642,0.0288287683381159,92,13.781,110.049,53.01,2018.016976,83.315,-11.08835,9.84,2.314,-130.901,24.15565,-41.494,5.648,35.244,3.69,2935.18208,-130.825,136.548992,3.69,0.0145440927334976,-3.41,0.461,24.15565,0.2618033085722098,-21.561,1064.573984,7.683,53.01,-130.825,551.041984,558.024,-41.494,2.723992,71.641,32.89015,0.0,-350.896,1279.735968
-11.006,1929.930984,782.014016,2015-12-31 00:00:00,-4.645504777264619,332.048992,907.784,108.43,100.816,31.11,301.332,31.11,641.884032,0.85,-115.632,133.163,226.925008,1287.196992,-30.75,183.134,1937.677952,-20.2145,20.2145,0.402,-1156.237056,2370.543008,642.733992,90.399,2.542,252.577,23.2365,-21.341,2370.543104,-0.29,-144.172,0.0484004098069914,92,3.428,130.022,53.38,2038.493952,-136.388,3.1325,40.923,-164.46,-115.632,23.2365,3.022,-149.184992,20.104,0.85,3093.91488,-115.546,-33.553,0.85,0.0249089869528947,-15.361,0.446,23.2365,0.169875610208918,-31.04,1083.346016,5.266,53.38,-115.546,529.436992,631.078016,3.022,-162.307,56.429,58.674752,0.0,-193.595008,1287.196992
-10.367,2125.269952,710.777024,2016-03-31 00:00:00,1.0125733445096397,528.052,1208.578944,110.594,44.847,-1.641,288.171008,-1.641,370.276,238.544992,-122.759,104.529,189.454,1516.44896,-25.357,146.606,1942.498048,-64.15105,64.151048,0.462,-1251.879936,2515.396992,608.820992,62.01,-0.364,216.64,-7.37895,10.193,2515.39712,44.49,103.789,0.0365081404203233,91,10.193,113.765,59.45,1987.345048,65.099,4.62905,-10.737,237.695008,-122.759,-7.37895,-71.53,-21.609,-12.008,238.544992,3194.377984,-122.669,101.15,238.544992,0.021129114350718,259.214,-0.094,-7.37895,-0.0111932663056082,-25.605,998.948032,5.97,59.45,-122.669,494.136992,649.334,-71.53,-58.519,9.206,52.5111,-0.031,-282.589992,1516.44896
-10.495,1919.781008,659.905984,2016-06-30 00:00:00,0.3266053552535199,319.135008,1212.348032,97.333,21.94,7.249,187.199008,7.249,386.116992,109.099,-112.948,82.676,102.686,1424.565024,-25.704,166.198,1930.594944,-93.27949999999998,93.279504,0.472,-1356.318976,2271.670016,495.215984,40.094,-2.956,165.296,-2.1705,-15.947,2271.670016,-0.237,153.534,0.0276108001307479,91,-15.947,94.543,57.61,1952.534944,101.031,1.0755,-12.287,-129.446,-112.948,-2.1705,-95.45,-16.3,-3.246,109.099,3286.914048,-108.135,96.648,109.099,0.0162300538977759,-117.959,-0.041,-2.1705,0.0436166500198558,-25.941,847.104992,3.847,57.61,-108.135,494.609984,671.482,-95.45,-126.487,9.195,37.8427,0.0,-181.445992,1424.565024
-20.053,3029.834,1211.938944,2016-09-30 00:00:00,-14.059857482185274,1368.045056,1797.227008,106.586,116.961,13.757,219.280992,13.757,-153.918,1197.692032,-218.015008,50.475,70.458,1986.06,-35.602,192.220992,1932.274048,-17.9641,17.9641,0.563,-1463.44,3417.279936,1043.774,-1.446,-1.193,168.811,-5.3449,40.375,3417.28,-0.241,40.778,0.0051088004772746,92,40.375,122.824,67.06,2049.235048,33.04,0.9511,4.21,1088.593024,-218.015008,-5.3449,-23.309,-54.982,-6.296,1197.692032,3395.714048,-217.973008,163.032992,1197.692032,0.0028957804969925,1143.533056,-0.006,-5.3449,0.0715686661319487,-35.143,1431.219936,4.854,67.06,-217.972992,1043.128,688.158992,-23.309,531.288976,108.538,8.34215,0.0,-242.075992,1986.06
-20.158,3668.92188,1592.509952,2016-12-31 00:00:00,1.8521044664565784,399.824992,2490.213888,118.579,15.71,36.991,270.577984,36.991,802.067968,244.1,-1060.348992,56.397,12.333,2622.753888,-36.0,211.73,4008.265984,-68.81484999999999,68.814848,0.657,-1562.972032,4485.841824,1046.167992,-4.709,-16.726,547.041008,13.17585,9.359,4485.84192,-3.981,126.381,-0.0007767361005824,92,-27.101,120.178,72.58,4086.016984,108.627,-3.65715,-327.79900000000004,-953.592,-1060.348992,13.17585,-55.639,-934.916992,16.833,244.1,5571.237888,-1060.348992,125.432,244.1,-0.0004429447864099,-18.675,0.049,13.17585,0.1747083549803995,-39.981,1863.087936,3.542,72.58,-1060.348992,1045.468992,716.796032,-55.639,-935.038992,13.324,-1.5185,-0.033,-1027.808,2622.753888
-19.227,3720.815904,1603.970944,2017-03-31 00:00:00,-1.2874679720065778,411.771008,2492.933888,123.933,26.838,13.583,317.982016,13.583,792.124992,257.514,-124.466,71.58,31.773,2671.176896,-26.315,193.554,4098.462976,48.83155,-48.831552,0.658,-1672.882944,4593.129856,1049.639008,1.647,-2.349,555.439992,-2.68555,25.75,4593.129984,-4.482,-72.446,0.0014208050586647,90,25.75,189.247,62.35,4181.358976,-41.712,2.95845,-52.298,-36.476,-124.466,-2.68555,46.146,15.034,-5.644,257.514,5771.34592,-123.729,139.5,207.624,0.0008369947688111,-2.357,-0.069,-2.68555,0.0701767982061853,-30.797,1921.95296,4.726,62.35,-173.619008,1048.531008,763.702992,46.146,15.771,12.917,2.9749,0.0,-991.164992,2671.176896
-18.849,3767.324048,1611.820032,2017-06-30 00:00:00,-0.1783197349992219,396.217984,2496.59904,106.073,38.807,65.753,330.665984,65.753,850.590976,202.291008,-206.867008,130.084,58.724,2714.442048,-29.531,229.240992,4165.572096,11.1449,-11.1449,0.659,-1800.48704,4656.928064,1052.882,51.797,-0.305,560.412,30.1051,-9.918,4656.927744,-4.923,-54.257,0.0170333122832605,91,-9.918,196.912,43.11,4260.710096,-24.398,-16.7989,-89.962,3.917,-206.867008,30.1051,41.25,-73.92,46.904,202.291008,5966.059008,-206.311008,132.947,202.291008,0.0101753633912787,-3.562,-0.03,30.1051,0.2868291548834337,-34.454,1942.486016,6.619,43.11,-125.468,1051.408,826.745984,41.25,-73.364008,22.41,35.2505,0.0,-1048.784992,2714.442048
-18.796,3482.881912,1506.897024,2017-09-30 00:00:00,-0.0354352638720273,334.702016,2501.190912,118.652,89.885,-6.529,373.788,-6.529,919.851008,136.428992,-215.739008,109.798,30.997,2426.601912,-29.299,244.998,3882.700032,-277.9247,277.924704,0.659,-1729.140992,4307.286936,1056.28,32.768,1.703,452.385,-14.6123,-2.727,4307.28704,-44.855,435.766016,0.0117766103627111,92,-2.727,214.692,49.03,3972.585032,318.231016,10.7127,-70.015,-65.862,-215.739008,-14.6123,-292.536992,-67.534,-25.325,136.428992,5611.841024,-213.710008,148.204992,136.428992,0.0067273932287601,-0.357,0.033,-14.6123,-0.0266491971363031,-74.154,1880.685024,8.081,49.03,-213.71,1054.512,879.522992,-292.536992,-65.505016,85.28,25.9831,0.0,-1061.336992,2426.601912
-19.561,3664.013888,1495.105024,2017-12-31 00:00:00,-0.2298708719003542,401.224,2503.952896,126.077,85.699,66.443,417.636,66.443,975.689984,180.675008,-210.858,139.25,22.951,2507.648896,-35.225,271.083008,3933.46688,42.820048,-42.820048,0.659,-1837.115008,4420.38992,1156.364992,62.817,-0.37,340.412,34.816952,2.639,4420.389888,-6.231,115.758,0.0186071940194861,92,2.639,203.197008,51.54,4019.16588,-11.632,-12.06505,-43.755,44.246,-210.858,34.816952,77.637,-33.697,46.882,180.675008,5770.582016,-204.189,177.160992,180.675008,0.0107186071570977,71.274,0.26,34.816952,0.2451020463813062,-41.456,1912.741024,8.613,51.54,-204.188992,1154.692992,938.876032,77.637,45.963,85.699,47.7312,0.0,-160.116992,2507.648896
-17.381,3656.260992,1536.59904,2018-03-31 00:00:00,1.3865733250876109,264.455008,2505.323008,165.892,26.445,55.498,488.184,55.498,1112.963968,45.923,-378.808,181.165,37.507,2497.374008,-35.696,281.801984,4231.257088,-43.4498,43.4498,0.66,-1963.293952,4522.157048,1158.886984,106.578,-0.379,379.501008,30.3108,30.177,4522.157056,-5.414,60.871,0.031196578498475,90,30.177,241.451008,49.03,4257.702088,61.323,-7.8062,-72.765,-136.000992,-378.808,30.3108,-13.139,-173.659008,38.117,45.923,6194.550784,-378.788,205.148992,45.923,0.0176890868375769,-2.634,0.546,30.3108,0.1969397064287524,-41.11,2024.78304,8.897,49.03,-338.516,1157.097984,1027.123984,-13.139,-173.639008,26.445,80.620552,0.0,-358.060008,2497.374008
-17.341,3523.735888,1492.524032,2018-06-30 00:00:00,4.472557726465364,218.303008,2510.35392,132.599,31.243,70.682,609.324032,70.682,1182.004992,1.425,-237.328992,186.094,21.561,2340.30592,-37.247,312.248992,4192.608,-201.570368,201.570368,0.661,-2095.330944,4442.153984,1183.429968,113.015,-4.4,310.840008,41.313368,-23.596,4442.153984,-3.583,263.791008,0.0363336888728534,91,-23.596,261.853,60.45,4223.851,223.937008,-12.02763,-11.26,-44.498,-237.328992,41.313368,-160.256992,-61.621,53.341,1.425,6287.939072,-235.566992,175.708,1.425,0.0201841950089142,15.361,0.6,41.313368,0.2263642215376631,-40.83,2101.848064,6.744,60.45,-235.567008,1181.683968,1110.131984,-160.256992,-37.858992,31.243,91.82882,0.0,-336.511008,2340.30592
-17.434,3581.592056,1584.402944,2018-09-30 00:00:00,2.7901023890784984,256.792,2515.522048,146.976,35.411,60.028,674.577024,60.028,1237.979008,1.369,-254.723008,252.651,14.268,2342.244048,-48.24,327.015008,4309.021184,-38.04874,38.04874,0.661,-2234.502912,4601.224016,1239.348008,180.934,3.851,346.952008,34.61474,-4.096,4601.224192,-3.743,54.237,0.0591572305682106,92,-4.096,303.868992,48.96,4344.432184,56.967,-7.97926,-15.236,-0.056,-254.723008,34.61474,-3.434,-57.746,42.594,1.369,6543.52384,-254.062008,196.976992,1.369,0.0316676617061035,52.559,0.631,34.61474,0.1835634406112639,-51.983,2258.979968,6.713,48.96,-249.592,1237.451008,1192.148992,-3.434,-8.171032,31.462,141.05586,0.0,-326.723008,2342.244048
-18.161,3726.262968,1576.42304,2018-12-31 00:00:00,1.5805839751695596,274.46,2520.083968,179.187008,266.822992,89.554,441.014016,89.554,1198.157056,1.398,-266.571008,275.761984,91.628,2526.707968,-49.321,366.817984,4002.86208,119.12401999999996,-119.124016,0.661,-2370.29504,4544.145024,1199.555,205.444992,-4.24,378.647008,59.72898,78.378,4544.144896,-5.293,-160.163008,0.066013551477943,92,78.378,269.368,29.76,4269.685088,-95.604008,-11.66402,17.398,0.029,-266.571008,59.72898,178.852992,44.897,71.393,1.398,6373.156864,-265.452008,311.468,1.398,0.0370722836162292,-47.187,0.612,59.72898,0.2441374302956749,-54.614,2017.437056,7.136,29.76,-264.252,1197.776,1287.884032,178.852992,3.515992,173.100992,166.167888,0.0,-248.128992,2526.707968
-16.968,3725.509024,1663.644032,2019-03-31 00:00:00,1.978435139790645,213.156,2522.220032,192.111008,209.588008,48.508,490.528992,48.508,1314.642048,1.112,-247.012992,268.772,21.2,2409.755032,-39.598,316.121984,4141.184,-144.12974,144.129744,0.662,-2521.842944,4563.928056,1315.753992,198.868,-0.021,354.535,23.95374,-35.424,4563.928064,-6.197,194.082,0.0650526312631876,90,-35.424,292.940008,40.68,4350.772,161.278,-7.58626,-30.188,-0.286,-247.012992,23.95374,-120.176,-89.913,31.54,1.112,6663.0272,-246.910992,157.1,1.112,0.0351330250359794,89.525,0.589,23.95374,0.1534470946506523,-45.795,2154.173024,7.87,40.68,-246.911008,1309.108992,1322.203968,-120.176,1.195024,185.363008,159.610828,0.0,-164.383,2409.755032
-18.9,3600.311864,1717.938944,2019-06-30 00:00:00,-0.6329649556492657,325.827008,2434.608896,317.856,56.077,44.568,498.559008,44.568,1220.432,1.474,-285.624,242.658,47.032,2378.405896,-42.808,330.116,4212.999936,49.89075,-49.890752,0.635,-2687.500032,4594.903848,1221.905968,171.195,-0.511,501.903,18.65725,53.373,4594.904064,-3.476,-60.148,0.0580474991227987,91,53.373,314.084,36.06,4269.076936,-30.061,-7.01075,-68.77,-7.639,-285.624,18.65725,68.548,-25.241,25.668,1.474,6900.499968,-284.572,260.383008,1.474,0.0303095784651531,-190.880992,0.442,18.65725,0.1350070884174048,-46.284,2216.497952,5.607,36.06,-77.141,1216.035968,1340.070976,68.548,-118.188992,24.422,136.95471,0.0,-128.003,2378.405896
-17.811,3650.570128,1816.057984,2019-09-30 00:00:00,-1.501290890004823,341.412,2391.279104,336.888992,61.234,35.398,407.791008,35.398,1286.247936,4.567,-251.158,218.028,83.768,2359.755104,-41.091,312.920992,4180.957952,5.60919,-5.60919,0.621,-2864.755968,4583.604096,1290.815024,146.188,-0.015,531.257,10.29881,31.143,4583.604224,-2.701,-1.853,0.0479110167223611,92,31.143,239.207992,27.75,4242.191952,14.599,-7.28819,35.247,3.093,-251.158,10.29881,15.908,-17.669,17.587,4.567,7045.71392,-250.784,233.488992,4.567,0.024527138646114,17.772,0.313,10.29881,0.11312120600717,-43.792,2223.848992,7.938,27.75,-248.168,1284.801024,1325.97696,15.908,49.200992,28.049,112.63878,0.0,-87.926,2359.755104
-17.42,3534.438008,1751.94304,2019-12-31 00:00:00,0.0888108649527727,304.030016,2384.925952,362.404992,34.522,76.147,361.230016,76.147,1197.968,0.963,-81.406,204.620992,36.713,2335.506952,-38.256,342.209984,4110.128128,-59.5035,59.5035,0.617,-3012.58496,4448.680008,1198.931056,133.522,0.969,558.937984,38.5515,-169.487008,4448.679936,-2.997,212.726,0.0376212477255119,92,-169.487008,177.754,26.17,4144.650128,220.572,-20.1755,92.849,-3.604,-81.406,38.5515,-20.952,101.095,58.727,0.963,7122.713088,-80.829,182.500992,0.963,0.0203409490807704,-105.306,0.416,38.5515,0.2225154249152473,-41.253,2113.173056,8.635,26.17,-80.799,1193.005056,1301.36896,-20.952,7.223992,30.776,91.461296,0.0,-31.728,2335.506952
-24.198,4782.542008,2402.38592,2020-03-31 00:00:00,0.0546254071661238,720.411008,3373.70496,475.948992,108.022,43.433,617.441024,43.433,1861.334016,61.244,-331.035008,199.546,389.155008,2859.963968,-62.165,368.155008,5051.358208,-401.307048,401.30704,0.994,-3188.538112,5879.790912,1922.57804,121.217,-4.666,489.978992,-63.707952,56.507,5879.791104,-2.28,499.291008,0.0014420533618585,91,56.507,308.787992,6.21,5159.380208,498.632008,-82.942952,-61.4,60.281,-331.035008,-63.707952,-465.015008,-64.754,19.235,61.244,8239.896064,-330.242008,266.280992,61.244,0.0007276350386062,124.18,0.041,-63.707952,0.117974763499618,-64.445,3019.826944,9.8,6.21,-330.18,1912.40704,1353.401984,-465.015008,96.397,49.928,3.799608,-0.025,-6.569,2859.963968
-21.763,4603.068904,2343.147008,2020-06-30 00:00:00,-4.364909071722536,427.467008,3379.548928,358.860992,67.373,39.462,522.921984,39.462,1957.869056,1.191,-198.642,194.44,229.962008,2644.00896,-35.352,289.996992,5015.238144,-235.48782,235.487824,0.996,-3337.76896,5510.077952,1959.059944,113.248,0.0,393.687992,13.65582,-78.687,5510.077952,-2.731,243.744,-0.0004785833247383,91,-78.687,219.764,12.44,5082.611144,254.009,-4.04318,28.429,-60.053,-198.642,13.65582,-221.832,-95.661,17.699,1.191,8353.007104,-198.051,102.981,1.191,-0.0002378672219499,35.017,-0.214,13.65582,0.1360772735187543,-38.083,2866.068992,7.643,12.44,-198.051008,1949.458944,1313.282976,-221.832,-59.566,52.654,-1.201822,0.019,-76.989,2644.00896
-20.978,4356.309152,1956.349952,2020-09-30 00:00:00,0.1007862405430947,361.584992,3384.644096,371.396992,72.225,126.303,757.779008,126.303,1734.092032,3.818,-57.58,285.345,150.616,2618.399104,-32.49,384.172992,4898.718208,-135.73628,135.736288,0.996,-3481.91488,5332.528064,1737.910048,200.986,-1.531,417.856992,104.95328,18.719,5332.528128,-2.098,142.206,0.0375450996876792,92,18.719,197.766,12.395,4970.943208,147.61,-0.37172,202.101,2.627,-57.58,104.95328,-30.783,222.47,105.325,3.818,8380.633088,-57.425,280.049984,3.818,0.0188486084458425,-221.732,0.606,104.95328,0.3287659534379761,-34.588,2714.12896,11.964,12.395,-55.691,1538.493056,1384.534976,-30.783,2.655992,59.198,93.452648,0.044,163.15,2618.399104
-21.645,4236.848896,1842.578048,2020-12-31 00:00:00,-0.156303504792566,308.248,3388.751872,385.908,58.804,127.934,779.857024,127.934,1618.688,2.623,-105.459,337.132,61.374,2615.537856,-31.08,395.902016,4870.921216,-117.38736,117.38736,0.998,-3627.993088,5237.972928,1621.31104,248.447008,-0.341,422.267,110.69736,-48.067,5237.972992,-4.539,125.277,0.028761004903432,92,-48.067,179.098,20.53,4929.725216,125.937,4.40836,136.67000000000002,-1.195,-105.459,110.69736,-6.69,115.308,106.289,2.623,8498.913792,-103.543,220.767008,2.623,0.0147003330312775,-118.725,0.878,110.69736,0.3231456138884627,-35.619,2622.435072,12.505,20.53,-103.237,1420.31104,1438.226944,-6.69,-0.226968,49.239,71.198512,0.061,177.668992,2615.537856
-19.041,4041.761136,1710.022016,2021-03-31 00:00:00,1.0647329851794796,335.259008,3370.266112,405.696,62.54900000000001,160.644,943.566976,160.644,1395.625984,59.067,-109.117,454.343,19.355,2587.068096,-32.677,436.641984,4842.848768,0.0,150.582624,0.994,-3771.284992,5240.657088,1454.69304,370.916008,0.0,458.031,141.546624,53.068,5240.656896,-0.402,157.244,0.1361670282091238,90,53.068,207.306,34.4,4905.397768,162.264,-0.05638,118.147,56.444,-109.117,141.546624,-9.036,243.942008,141.603008,59.067,8614.13376,-104.747,353.059008,59.067,0.0666975078701865,-191.868,0.901,141.546624,0.3679078189604415,-33.079,2653.588992,11.323,34.4,-104.747,1251.99104,1506.713984,-9.036,79.86700000000002,46.962,370.853084,0.0,486.059,2587.068096
233.14,3922.177104,1707.118976,2021-06-30 00:00:00,-0.2747969394128671,429.812992,3334.157056,354.895008,47.645,-67.199,1161.964032,-67.199,1347.522048,109.749,-131.423,347.682,12.863,2464.906048,-32.843,228.868992,4856.530944,0.0,253.147072,0.989,-3931.747072,5333.989056,1457.271056,519.158,0.0,455.570008,166.110064,-118.7,5333.988864,-2.431,261.339008,0.2048604566723072,91,-118.7,262.209008,45.79,4904.175944,267.834008,0.16907,128.08,50.682,-131.423,166.110064,-87.037,92.884008,165.940992,109.749,8788.278272,-131.379,224.307008,109.749,0.0965149582494051,-42.246,1.218,166.110064,-0.2936133873478151,-35.274,2869.083008,7.717,45.79,-131.379,1251.549056,1445.585984,-87.037,92.494,38.736,523.307328,253.2,674.604,2464.906048
