Non-Operating Income (Loss),StockBased Compensation,Line of Credit Available,Equity Charge,WACC Discount Factor,Other Accrued Liabilities,Operating Leases,Line of Credit,Total Current Liabilities,BALANCE SHEET,Total Liabilities & Equity,Operating Income,NonCash Items,Days in Period,Net Share Repurchases,"Cash, Cash Equivalents & STI",Misc LT Assets,Rental Expense - Years 2 - 5,"Selling, General & Admin",Revenue,ST Debt,-Net Share Repurchases,LTM Basic EPS,Rental Expense - Year 1,ST Capital Leases,Rental Expense Beyond Year 5,Dep & Amort,Work In Process,Total Liabilities / Tangible Assets,Current Liabilities,Other Adjustments,Free Cash Flow (LTM),Deferred Compensation,Other Operating Expenses,Free Cash Flow to Firm,ST Deferred Tax Assets,Cash (Repurchase) of Equity,Free Cash Flow to Equity,Deferred Tax Liabilities,Repayments of LT Debt,Other PostRet Benefits,Effect of Foreign Exchanges,Income (Loss) from Cont Ops,year + weight + convention,Free Cash Flow to Firm Model,Dividends,Net Extraordinary Losses (Gains),Net Cash From Disc Ops (fin),Period Weight,Pretax Income,LT Marketable Securities,ST Borrowings,Dividend Yield (LTM),Free Cash Flow per Share,LT Receivables,Prepaid Expenses,Cash % of Revenue,Diluted - Basic Shares,Diluted EPS,Operating Margin,Operating Expenses,Line of Credit Used,Interest & Dividends Payable,PP&E Gross,EBITDAR,A = L + SE,Inventories,Discontinued Operations NI,PV of Free Cash Flow to Firm,Pensions,Raw Materials,Other Non-Op Income (Loss),Bull,Discounted Residual Income (Bear)
-18.462,2629.75808,1833.56096,2011-03-31 00:00:00,0.2621148834852387,1201.245056,1104.34304,60.609,26.391,-197.302,946.206016,-197.302,418.624992,477.44,-377.454016,166.006,410.987008,1733.693056,-16.347,-36.21,3285.824,-3.634152,3.63415,1.805,0.0,4513.460032,896.065024,103.344,-0.527,937.49604,-133.566848,52.396,4513.460224,-6.812,372.059008,0.0546697126400909,90,-35.473,532.169,35.735,3312.215,291.547008,82.197152,-144.059,469.524,-377.454016,-133.566848,-137.200992,-181.819008,-215.764,477.44,0.0,-355.323016,195.635008,477.44,0.0221066225929543,629.212032,0.273,-133.566848,0.0,-23.159,2779.766976,309.623008,35.735,-355.323008,896.065024,554.587,-137.200992,-189.688008,26.342,77.608552,0.509,-639.725016,1733.693056
-17.763,2871.828928,1818.126976,2011-06-30 00:00:00,0.4082727522108865,991.500992,1107.143936,61.65,25.824,423.232,858.556032,423.232,634.732992,261.408,-448.945984,481.99,414.585016,1975.687936,-17.209,602.892032,3635.045888,-11.693296000000004,11.6933,1.805,0.0,4652.370944,896.140992,413.389992,-1.076,921.986016,250.887296,6.692,4652.370944,-5.034,-209.624992,0.170574488015827,91,-30.906,553.161992,32.455,3660.869888,-59.378984,-154.581696,-153.106,-216.032,-448.945984,250.887296,239.194,-215.615008,405.468992,261.408,0.0,-448.292984,233.331008,261.408,0.0720185470616614,-1.07,0.307,250.887296,0.0,-22.243,2676.683008,356.686016,32.455,-448.292992,896.140992,877.511032,239.194,-214.961976,25.535,271.6536,1.022,-733.997024,1975.687936
-529.525472,3314.838016,1800.231936,2011-09-30 00:00:00,-0.0566057740426927,907.824,1110.930944,60.68,145.518,755.131008,880.726976,755.131008,853.945024,42.275,-459.523008,1121.393008,513.032992,2418.617984,-18.14,968.988992,4046.23488,315.3628,-315.362816,1.805,0.0,5099.576896,896.220032,535.642528,-0.458,904.011968,123.7802,-5.12,5099.576832,-8.714,-510.136992,0.1803827216304282,92,-59.617,681.034,24.185,4191.75288,-243.775,-101.825336,-231.796,-219.132992,-459.523008,123.7802,439.143008,-218.675008,225.605536,42.275,0.0,-459.523008,240.848,42.275,0.0784342147952499,-0.458,0.344,123.7802,0.0,-26.854,2680.958912,396.712992,24.185,-459.523008,896.220032,1627.050024,439.143008,-218.675008,24.716,330.765,-510.544448,-794.068032,2418.617984
-19.095,3562.427136,2226.159104,2011-12-31 00:00:00,-0.0664001316956345,936.372992,1112.50304,63.978,27.98,-129.489,1111.80096,-129.489,1200.756992,53.544,-749.718976,851.571968,475.118008,2308.12608,-19.021,114.118,4681.73312,-25.2148,25.2148,1.809,-1482.226048,5646.086144,1254.301056,778.265024,-3.261,971.857984,-86.8492,52.463,5646.086144,-6.26,440.703008,0.2776256984162986,92,18.22,760.563024,33.355,4709.71312,366.382008,61.7348,-376.626,11.269,-749.718976,-86.8492,-112.064,-351.617984,-148.584,53.544,6163.958784,-741.574976,398.100992,53.544,0.1056747786378293,354.743008,0.391,-86.8492,0.0,-25.281,3337.960064,420.791008,33.355,-741.574976,1254.301056,1649.789056,-112.064,14.526016,24.355,488.104992,0.89,-967.726976,2308.12608
99.476848,4273.592032,2974.777088,2012-03-31 00:00:00,14.531084194977844,985.374976,1114.652032,54.587,43.68,117.571,1176.050944,117.571,1851.539968,42.683,-1079.933056,1166.445008,521.842008,2379.369088,-23.266,395.1,5501.142016,0.0,68.831,1.81,0.0,6530.19712,1894.222944,699.538368,-7.591,1083.125976,137.924992,13.21,6530.196992,-4.151,110.325,0.2070201096382948,91,-11.113,729.506008,42.91,5544.822016,156.69,-79.122848,-46.036,-10.861,-1079.933056,137.924992,69.094,-714.988992,217.04784,42.683,0.0,-995.115056,364.944,42.683,0.077101865744834,619.310016,0.43,137.924992,0.2975727663882561,-27.417,4150.828032,429.503008,42.91,-995.115008,1891.650944,2081.099024,69.094,-3.329968,40.328,425.743288,123.754848,-1500.896992,2379.369088
-486.851232,5046.333976,3380.825088,2012-06-30 00:00:00,1.503815411585759,930.576,1121.095936,56.371,145.07299999999998,708.248,1081.990016,708.248,2225.700096,29.137,-794.368,1451.461008,485.726,2791.49696,-26.513,1004.718976,6178.662912,0.0,-282.868,1.812,0.0,7254.312064,2254.837016,515.466144,-1.586,1127.907,122.816,26.46,7254.311936,-8.702,-458.855008,0.1248837620079588,91,37.285,842.538016,33.31,6323.735904,-201.177008,-98.580768,-155.156,-13.546,-794.368,122.816,405.684,-388.481984,221.396768,29.137,0.0,-778.377,405.886016,29.137,0.0500008264266462,358.944992,0.373,122.816,0.7049214923955015,-35.215,4462.815104,403.908,33.31,-778.377024,2252.918016,2482.925968,405.684,-11.959976,39.294,297.671992,-455.160224,-1673.763968,2791.49696
110.92192,5871.046936,4203.494912,2012-09-30 00:00:00,0.8426127128026234,1194.281984,1210.873984,58.839,109.785,135.082,1097.484032,135.082,2686.23104,259.444992,-818.124032,831.412,405.564992,2925.371008,-29.625,483.728992,6922.283008,-115.415008,115.415,1.851,0.0,8226.349952,2945.675928,535.864528,-3.651,1259.75396,159.511008,52.989,8226.35008,-4.899,185.707008,0.124776754031158,92,-79.032,790.346976,38.45,7032.068008,226.011008,-86.49292,-239.365,230.308,-818.124032,159.511008,44.096,-441.056992,246.00392,259.444992,0.0,-817.635032,377.067008,259.444992,0.0500382153079003,670.876032,0.434,159.511008,0.2792514036454527,-34.524,5300.978944,377.060992,38.45,-817.635008,2943.740928,1997.665968,44.096,233.958888,57.268,333.4028,150.126928,-1896.145952,2925.371008
-51.380076,6703.419952,4850.4448,2012-12-31 00:00:00,2.405426911753004,946.782976,1228.690944,47.925,87.957,325.932992,1125.86496,325.932992,3503.992064,35.729,-1425.68,1286.834048,395.661008,3163.698944,-34.531,688.972032,8105.269248,28.710007999999988,-28.71,1.856,-2119.94304,9140.008704,3539.721008,958.702976,-5.781,1312.674,191.800992,2.061,9140.00896,-5.755,-45.205,0.2236438531262508,92,40.137,840.764016,36.745,8193.226248,29.181,-82.75192,-276.474,-223.716,-1425.68,191.800992,220.511008,-941.512,274.552928,35.729,10225.212416,-1312.243,484.168,35.729,0.0827628946921184,604.358976,0.44,191.800992,0.4730714410189585,-40.286,5976.30976,376.907008,36.745,-1312.242944,3537.771008,2572.519936,220.511008,-233.553,55.726,611.870016,-5.846077,-2486.040064,3163.698944
-46.929,7290.846024,5403.038208,2013-03-31 00:00:00,0.5095044860730054,1080.592,1236.445056,47.405,86.96,310.791008,1217.058048,310.791008,3920.219904,58.546,-873.504,1480.054,413.746984,3312.08,-33.117,702.643008,8764.623872,-25.60599200000001,25.606,1.856,0.0,9932.176256,3978.766024,1005.815616,-1.656,1426.236992,166.232992,-23.393,9932.176384,-9.814,121.626,0.2250256418352766,90,-111.438,868.608968,43.465,8851.583872,213.458,-97.629,-275.185,22.817,-873.504,166.232992,140.627008,-415.392992,263.862,58.546,0.0,-873.153,458.111008,58.546,0.077796922396811,437.859008,0.5710000000000001,166.232992,0.4423170862891444,-42.931,6620.096256,378.481984,43.465,-873.153024,3976.801024,2880.063008,140.627008,24.473008,54.096,640.360992,0.546,-2186.443968,3312.08
-60.744,8086.141256,5999.216128,2013-06-30 00:00:00,0.1692163444396438,1293.629952,1244.434944,47.885,166.136,654.633024,1257.426048,654.633024,4222.387968,220.412992,-977.566976,1426.439024,446.739992,3643.340032,-35.173,1100.752,9440.216064,-50.85700800000001,50.857,1.856,0.0,10899.982208,4442.801224,1378.307872,-3.834,1558.395976,374.127008,45.805,10899.982336,-11.151,-111.039,0.2771389550686539,91,59.644,964.750016,43.03,9606.352064,82.745,-219.762,-238.393,161.867008,-977.566976,374.127008,323.270016,-278.732992,593.889024,220.412992,0.0,-977.023976,698.833984,220.412992,0.0982326260266979,440.056992,0.627,374.127008,0.5947143625448784,-46.324,7256.642176,363.836992,43.03,-977.024,4440.820224,2983.682016,323.270016,165.700952,74.57,891.672,0.634,-2076.694976,3643.340032
-62.172,8262.435016,6131.603968,2013-09-30 00:00:00,-0.2754548200230161,1213.181056,1254.210048,50.033,94.601,369.984992,1468.07104,369.984992,4350.315008,91.507,-970.723008,1661.342016,422.001008,3820.61312,-33.97,823.835008,10112.505856,-26.422992000000026,26.423,1.857,0.0,11420.288128,4441.821896,1440.116944,-0.715,1691.778992,193.920992,54.872,11420.288,-8.173,209.832992,0.274558008565774,92,93.644,1103.952,53.63,10207.106856,314.275992,-113.892,-205.943,-128.906,-970.723008,193.920992,167.498,-149.215008,307.812992,91.507,0.0,-949.211008,821.507968,91.507,0.0942738376132391,-1.203,0.746,193.920992,0.4491008374337012,-42.143,7599.675008,383.107008,53.63,-949.211008,4439.824896,3323.788032,167.498,-128.19104,72.424,926.081984,0.584,-1784.852992,3820.61312
-62.874,8668.950008,6514.90816,2013-12-31 00:00:00,0.5476678044923964,1147.266048,1253.890944,56.446,72.644,332.278016,1473.155968,332.278016,4687.34976,28.482,-917.636992,1667.68704,420.845992,3953.117824,-40.619,811.219968,10721.271808,-36.89999999999998,36.9,1.857,-3120.107008,11941.181952,4715.832184,1434.96896,-10.75,1801.087032,169.724,-16.16,11941.182464,-5.809,136.168992,0.2540478546714215,92,-47.311,1083.402016,56.26,10793.915808,228.620992,-99.68,-215.03,-63.025,-917.636992,169.724,132.824,-332.795008,269.404,28.482,13841.379328,-911.622992,584.841984,28.482,0.0857642244043976,263.756,0.653,169.724,0.4096028563241677,-46.428,7988.064128,372.892992,56.26,-911.622976,4713.821184,3421.807104,132.824,-52.275008,72.644,904.006016,0.792,-1176.135936,3953.117824
-62.216,9257.603912,7009.42592,2014-03-31 00:00:00,0.4730246480724358,1241.57504,1262.300032,63.038,79.375,488.023008,1567.714048,488.023008,5018.308096,51.535,-1054.913024,1845.019008,408.156008,4187.761024,-43.536,972.494976,11443.950592,-42.025008000000014,42.025,1.861,0.0,12764.900992,5069.842888,1686.723808,-2.63,1941.61196,268.259008,24.907,12764.901376,-4.813,73.724,0.2838564189810751,90,-32.765,1135.414016,62.135,11523.325592,216.078,-157.548,-247.281,23.053,-1054.913024,268.259008,226.234,-364.251008,425.807008,51.535,0.0,-1019.480024,690.662016,51.535,0.0937952470582715,351.871008,0.77,268.259008,0.5018257369383058,-48.349,8577.139968,360.243008,62.135,-1019.48,5067.813888,3717.416,226.234,25.682984,76.722,1064.439008,0.759,-1124.994016,4187.761024
-72.048,10437.599808,7944.102912,2014-06-30 00:00:00,0.423866132050254,2123.036032,1275.261952,63.035,88.364,313.575008,2129.142016,313.575008,5356.376064,776.963008,-1061.392,1503.960992,521.544992,4304.260864,-46.919,886.094976,12166.106112,-48.62400000000001,48.624,1.861,0.0,14377.505792,6133.338944,1334.361792,-9.89,2111.231048,152.162,18.392,14377.505792,-11.205,286.267008,0.2120071229102645,91,-47.771,1251.731008,79.02,12254.470112,360.501008,-89.365,-224.46,725.427968,-1061.392,152.162,103.538,-319.600992,241.527008,776.963008,0.0,-1057.807,741.790976,776.963008,0.0666580473292191,1041.443968,0.853,152.162,0.3538841958178533,-58.124,10073.244928,420.880992,79.02,-1057.806976,5832.871936,3502.758976,103.538,735.317992,87.815,842.474,0.793,-1165.862016,4304.260864
-73.519,10682.132272,8059.360256,2014-09-30 00:00:00,0.1247655200180463,1598.876032,1285.689984,72.058,119.422,1025.046976,1804.516992,1025.046976,5681.632256,152.29,-1239.300992,2159.022976,692.253,4848.210048,-43.98,1645.328,12993.788928,-65.93999200000007,65.94,3.72,0.0,14712.087296,5833.922224,1978.0768,-3.097,2227.49992,599.460992,-1.171,14712.086528,-13.514,-363.984992,0.2879315855944335,92,-15.341,1468.704992,66.48,13113.210928,-36.416976,-352.067008,-350.209,-624.673024,-1239.300992,599.460992,533.520992,-393.903008,951.528,152.29,0.0,-1148.972992,845.398016,152.29,0.0955147798500127,-321.097984,0.81,599.460992,0.62300463858878,-57.494,9863.877248,537.592,66.48,-1148.973056,5831.860224,4324.251968,533.520992,-621.575968,88.42,1248.014,0.393,-1410.550016,4848.210048
-73.498,10965.759024,8225.212928,2014-12-31 00:00:00,-0.4869258287380363,1389.601024,1291.661056,84.82,119.617,657.478976,1952.013056,657.478976,5973.534208,24.381,-1361.181056,2484.123904,710.565032,4967.844096,-50.22,1297.699968,13635.852288,-247.504008,247.119008,3.72,-4650.779136,15145.07008,5997.914928,2202.84288,-8.992,2229.37604,361.167008,-58.759,15145.069568,-20.535,501.671008,0.3096188443319798,92,-30.767,1668.230016,38.36,13755.469288,596.545008,-222.814,-552.195,-127.909,-1361.181056,361.167008,114.048,-283.316992,583.980992,24.381,18286.630912,-1361.139056,1077.863936,24.381,0.1019741644852461,155.498,0.544,361.167008,0.5066494507303556,-70.755,10177.225984,594.876032,38.36,-1361.138944,5995.836928,4801.61792,114.048,-118.785136,87.625,1381.04896,0.702,-1361.072,4967.844096
-83.605232,11627.94708,8993.287168,2015-03-31 00:00:00,0.6519432796807463,1200.88,1299.931008,88.614,123.23,34.215,1600.939008,34.215,6739.264,47.645,-1279.307008,2030.31596,589.051,4841.037952,-45.38,625.644032,14111.154176,-101.257,98.152,3.731,0.0,15435.264128,6786.909128,1727.645768,-5.102,2208.471024,-33.819,-14.337,15435.264,-14.34,148.198,0.2390065396002455,90,157.7,1364.765984,43.67,14234.384176,105.435,15.571231,-458.319,23.264,-1279.307008,-33.819,-131.971,-757.116992,-49.390232,47.645,0.0,-1278.404008,522.190016,47.645,0.0765223172001869,784.382976,-0.124,-33.819,0.0546876470484737,-59.72,10594.226176,523.392,43.67,-1278.403968,6784.816128,4454.766976,-131.971,33.271,85.811,1078.971,-8.542231,-1753.937984,4841.037952
-60.809692,11846.182832,9238.254592,2015-06-30 00:00:00,0.7884106916701847,1200.31296,1313.891968,93.113,40.336,138.746,1315.569024,138.746,6964.698112,25.458,-716.585984,1855.486952,528.821992,4856.027008,-44.19,796.374016,14169.201664,-47.422,48.047,3.731,0.0,15409.850624,6990.155824,1564.055064,-2.2,2250.209032,48.45,-12.853,15409.851392,-0.109,76.971,0.2129319544598696,91,-150.244,1057.197024,42.39,14209.537664,97.273,-29.486308,-180.028,-22.187,-716.585984,48.45,0.403,-321.964,77.936304,25.458,0.0,-684.898984,394.622016,25.458,0.0654814050119123,267.283008,0.05,48.45,0.1742221584487256,-44.299,10553.823616,465.324992,42.39,-684.899008,6988.045824,4365.046016,0.403,-20.79396,18.321,975.259,17.632308,-1756.300992,4856.027008
-111.823304,11909.406104,9257.382912,2015-09-30 00:00:00,28.985045084671217,986.908032,1339.303936,100.158,45.406000000000006,44.053,1149.917056,44.053,7093.874176,16.955,-635.022016,874.492976,447.593016,4798.576896,-53.798,682.668992,14173.56288,-39.34899999999999,38.911,3.73,0.0,15205.876864,7110.829208,544.75676,-0.626,2148.681056,-43.512,-32.516,15205.876736,-0.232,66.949,0.0688905041500209,92,115.284,919.48496,28.97,14218.96888,17.878,24.258308,-4.547,-8.503,-635.022016,-43.512,-82.424,-136.342,-67.770304,16.955,0.0,-634.396016,498.68,16.955,0.0222131436600723,132.031,-0.12,-43.512,0.0645305419115916,-54.03,10407.299968,366.846016,28.97,-634.396032,7108.702208,3402.387008,-82.423,-16.236016,18.135,332.286008,-32.424308,-1498.739984,4798.576896
-75.176,11786.688,9327.880192,2015-12-31 00:00:00,-0.6982553374185239,822.339008,1349.353984,118.302,34.141,-62.033,923.027968,-62.033,7106.324992,11.463,-449.34,154.980992,338.102992,4668.900096,-46.478,575.48,14063.328256,-53.03299999999999,53.033,3.73,-6447.442944,14919.808256,7117.787904,-176.641456,-3.982,2212.235968,-86.644,-44.611,14919.808,-4.732,-126.229,-0.02397593994368,92,104.479,730.232,22.98,14097.469256,16.511,50.565,-25.621,-5.492,-449.34,-86.644,-139.676992,-7.731,-137.208992,11.463,20510.7712,-448.548,441.608992,11.463,-0.0076850470944848,3.492,-0.21,-86.644,-0.1077934941266421,-51.21,10250.90816,244.180992,22.98,-448.548,7115.643904,2680.166912,-139.676992,0.534992,19.581,-115.525,4.999,-1223.154048,4668.900096
-80.569,11680.722256,9292.910592,2016-03-31 00:00:00,1.5485723153320918,760.180992,1353.474048,118.139,30.076,-161.39,865.358016,-161.39,7192.674816,12.927,-361.016992,-40.624,327.339008,4475.120128,-32.407,450.251008,13843.132416,-47.43299199999999,47.859,3.746,0.0,14633.388736,7205.602128,-369.002,-5.128,2089.471032,-150.467008,10.344,14633.389056,-3.066,76.952,-0.0498430803784729,91,46.971,691.669984,30.36,13873.208416,-35.194,91.492,-32.22,1.464,-361.016992,-150.467008,-198.326,-82.115,-241.959008,12.927,0.0,-358.810992,278.902016,12.927,-0.0154428605476673,81.342,-0.363,-150.467008,-0.3584445056922559,-35.473,10158.268608,232.551008,30.36,-358.811008,7203.440128,2504.774016,-198.326,6.561024,17.527,-232.173008,0.384,-548.152,4475.120128
-81.487,11518.407224,9174.72768,2016-06-30 00:00:00,-1.3227066256610864,797.212032,1364.67904,119.921,21.395000000000003,-24.235,818.059008,-24.235,7134.898176,16.56,-268.976,-203.605,292.273,4366.948992,-36.246,572.246016,13541.129216,-53.73899999999999,53.764,3.746,0.0,14359.73568,7151.458232,-552.660304,-0.647,2025.448952,-65.638,2.137,14359.73632,-1.674,88.483,-0.075086611523222,91,-132.034,605.210016,45.27,13562.524216,27.685,40.084,155.42600000000002,3.633,-268.976,-65.638,-119.402,-50.157,-105.722,16.56,0.0,-158.983,218.819008,16.56,-0.0232627345296034,-56.181,-0.163,-65.638,-0.0423506661862019,-37.92,9992.786688,275.58,45.27,-158.983008,7149.279232,2280.646016,-119.402,4.301992,18.35,-346.261008,0.435,-276.345,4366.948992
-81.714,11093.035912,8802.203648,2016-09-30 00:00:00,-0.7395817781427292,750.875008,1367.630976,119.817,19.694,-51.552,802.350016,-51.552,6812.841984,19.496,-254.532992,-299.21,302.915,4260.697984,-44.389,515.704992,13094.682624,-26.412999999999982,26.831,3.745,0.0,13865.251648,6832.337928,-618.156,-10.265,1972.063008,-82.79,-0.782,13865.25184,-3.987,51.852,-0.0851147609730106,92,52.254,612.972016,51.96,13114.376624,9.274,50.476,428.672,2.936,-254.532992,-82.79,-109.62,111.634,-133.266,19.496,0.0,-32.426992,366.167008,19.496,-0.0265238418241723,-330.801984,-0.154,-82.79,-0.0999641283286239,-48.376,9604.553664,290.328,51.96,-32.427,6830.140928,2113.682016,-109.621,13.202992,18.018,-385.539008,0.36,-28.369,4260.697984
-75.094,10881.911672,8577.387008,2016-12-31 00:00:00,-1.0907349954018577,913.233024,1379.035008,109.385,17.316,39.771,932.393024,39.771,6563.273216,16.643,-279.988,-197.404,379.853,4301.995904,-56.537,602.753024,12881.226752,57.698,-55.473,3.745,-7652.517888,13811.775936,6579.915768,-516.268992,-21.589,1999.690024,-27.803,18.841,13811.775488,-8.246,-89.262,-0.0726665465746119,92,-127.274,653.112016,51.54,12898.542752,-25.65,7.52,197.906,-2.853,-279.988,-27.803,27.67,-17.957,-35.323,16.643,20533.745664,17.256,262.031008,16.643,-0.0226887610379102,-282.132,-0.103,-27.803,0.065982248809091,-64.783,9509.780032,375.792,51.54,17.256,6577.696768,2140.955008,27.67,18.744032,17.316,-325.942016,0.519,-38.595,4301.995904
-70.73,10819.799264,8511.385088,2017-03-31 00:00:00,1.4131817305839276,929.505984,1380.636032,111.999,16.197,86.342,1005.321024,86.342,6493.257216,17.188,-395.068992,50.326,398.787008,4309.354112,-47.22,637.641024,12880.357376,-5.441,5.579,3.753,0.0,13826.060224,6510.445152,-258.699,-9.837,2003.17596,6.048,5.094,13826.060288,-4.998,12.805,-0.0387463143155622,90,58.083,747.258992,45.42,12896.554376,30.264,-9.564,31.134,0.545,-395.068992,6.048,0.469,75.132,15.612,17.188,0.0,-389.270992,470.200992,17.188,-0.0119596832632237,-80.385,0.019,6.048,0.1354084771057641,-52.218,9516.706112,391.263008,45.42,-389.271008,6508.209152,2328.345056,0.469,10.382,16.197,-170.183,0.442,118.652,4309.354112
-72.371,10810.324624,8521.944064,2017-06-30 00:00:00,-5.9390414647280565,934.041984,1388.98496,114.883,15.34,70.046,1094.978048,70.046,6538.800128,17.19,-492.230016,144.607,433.873992,4254.334848,-39.186,637.123008,12921.875456,-61.383,61.572,3.752,0.0,13871.25696,6555.989776,-155.302,-0.783,1968.20396,-1.985,-4.182,13871.256576,-3.204,101.318,-0.024713256627913,91,43.907,849.16304,32.33,12937.215456,72.596,0.34,9.285,0.002,-492.230016,-1.985,-63.557,-45.859,-2.325,17.19,0.0,-490.049016,446.371008,17.19,-0.0075470246755008,43.666,-0.007,-1.985,0.109941093196245,-42.39,9616.922112,416.064992,32.33,-490.048992,6553.739776,2393.222048,-63.557,0.770984,15.34,-106.53,0.373,122.95,4254.334848
-75.102,10891.32784,8588.849152,2017-09-30 00:00:00,-3.0909756126647188,1060.974976,1400.605952,116.474,14.91,125.657,1129.458944,125.657,6603.784192,10.765,-571.68,321.816,473.467016,4276.779008,-44.006,730.422016,12919.201792,-19.996,20.198,3.752,0.0,13995.087104,6614.548832,28.519,-0.365,1976.567952,30.819,61.314,13995.086848,-1.389,36.674,0.0016583353622231,92,-59.481,861.612016,38.61,12934.111792,55.364,-19.736,67.084,-6.425,-571.68,30.819,10.621,-140.271008,50.555,10.765,0.0,-494.934,431.408992,10.765,0.0005081775982177,57.08,0.052,30.819,0.1720334234832264,-45.395,9718.308096,462.270016,38.61,-494.934016,6612.280832,2607.939072,10.621,-6.080016,14.91,7.079,-0.346,-128.955008,4276.779008
-75.317,11484.894128,7738.206208,2017-12-31 00:00:00,0.3319951871717887,1251.725056,1413.078016,127.243,14.137,349.391008,1330.242048,349.391008,6309.789184,43.902,-494.219008,630.364992,438.751992,5131.203072,-61.294,1054.622016,12933.788672,688.551008,-688.513024,3.752,-9083.933696,14199.651328,6353.691056,337.584992,-2.835,1386.801016,153.400992,119.162,14199.651328,-2.802,-669.332992,0.0398490481284638,92,-39.076,952.982032,52.97,12947.925672,-542.835992,-120.673,177.858,33.137,-494.219008,153.400992,841.913984,236.906,274.073984,43.902,22017.722368,-434.591008,731.124992,43.902,0.0134196662836641,-263.395008,0.32,153.400992,0.3312950068358899,-64.096,9068.448256,436.148992,52.97,-434.591008,6351.405056,3058.736896,841.913984,35.974112,14.137,187.952,0.506,125.908,5131.203072
-75.24,11527.299968,7625.01888,2018-03-31 00:00:00,0.0003296953901285,1291.054976,1409.148032,130.15,13.408,408.487008,1391.277056,408.487008,6067.934208,98.145,-628.268032,953.581016,443.207,5361.220992,-43.043,1135.049984,13073.053696,-21.192000000000007,21.194,3.76,0.0,14377.516928,6166.078976,655.550992,-15.158,1461.244016,255.14,6.35,14377.517056,-1.72,31.07,0.0904548048686557,90,83.162,995.344032,58.95,13086.461696,113.522,-78.107,257.838,54.243,-628.268032,255.14,233.948,257.923008,333.247008,98.145,0.0,-628.211032,886.190976,98.145,0.0310155684624912,-203.724,0.642,255.14,0.3598845987032761,-44.763,9016.295936,434.524,58.95,-628.211008,6163.774976,3557.217024,233.946,69.413928,13.408,437.374992,0.654,308.699,5361.220992
-73.58,11780.031056,7700.553216,2018-06-30 00:00:00,-0.9497573288499972,1441.28896,1418.93504,130.006,17.62,431.169984,1484.43904,431.169984,6036.55424,129.989,-742.715008,1314.705,524.986008,5613.488128,-47.174,1154.556032,13339.5712,-30.396991999999983,30.413,3.76,0.0,14798.480384,6166.542928,1015.466008,-5.985,1536.332016,272.876992,8.919,14798.480384,-0.304,40.018,0.1443554440999327,91,-61.13,1092.164,64.76,13357.1912,125.812,-84.713,220.669,31.844,-742.715008,272.876992,242.462,11.087,357.590016,129.989,0.0,-715.392008,753.801984,129.989,0.0496856308792586,-6.553,0.714,272.876992,0.3734508954520797,-47.478,9184.992256,524.783008,64.76,-715.392,6164.220928,4074.650048,242.464,37.841976,17.62,712.236984,0.708,365.645,5613.488128
-72.54,11896.477064,7601.801216,2018-09-30 00:00:00,-0.4950055149057805,1369.137024,1429.981952,134.552,17.385,514.116,1490.449024,514.116,5944.771072,12.896,-763.227008,1703.164,457.564,5938.810112,-44.151,1282.699008,13644.537856,-22.74299200000001,22.848,3.76,0.0,15031.060352,5957.666952,1406.487008,-407.403008,1646.475024,337.016992,47.102,15031.06048,-2.324,35.168,0.1993883982679209,92,-74.024,1016.654016,68.28,13661.922856,152.143,-104.559,193.113,-117.093,-763.227008,337.016992,314.169984,97.521,441.576,12.896,0.0,-759.880008,860.748032,12.896,0.0701736241114968,-217.976,0.835,337.016992,0.4008079812906505,-46.475,9092.25024,457.564,68.28,-759.88,5955.325952,4626.92704,314.168992,290.294968,17.385,1018.434976,0.869,603.437008,5938.810112
-68.425,12190.209664,7488.577024,2018-12-31 00:00:00,-0.2428833366531277,1412.36096,1438.58304,148.152,15.786,335.476,1387.508992,335.476,5485.599744,282.748992,-780.419968,1689.250048,396.960992,6421.8608,-49.201,1124.272,13869.800448,-3.964000000000027,3.948,3.76,-10807.146496,15297.946816,5768.348864,1399.46496,678.788992,1722.587968,201.686,-46.062,15297.946624,-3.295,12.119,0.1891105415984544,92,180.075008,984.379008,40.19,13885.586448,89.012,-63.982,230.938,269.852992,-780.419968,201.686,197.738,174.847008,267.051008,282.748992,24676.947968,-756.688968,955.267008,282.748992,0.0722931401895866,71.319,0.603,201.686,0.298393982950745,-52.496,8876.086016,381.348992,40.19,-756.689024,5765.988864,4696.577024,199.120992,-392.000968,15.786,1066.236992,1.016,541.377984,6421.8608
-66.482,12423.427344,7550.169088,2019-03-31 00:00:00,-2.52603522132318,1484.061952,1430.067968,152.088992,15.498,344.215008,1445.451008,344.215008,5520.753152,264.371008,-753.569984,1624.976992,417.763,6638.3032,-47.617,1138.419968,14134.363136,-29.51800000000003,29.634,3.768,0.0,15633.923296,5785.124144,1343.950016,13.746,1778.514976,216.61,-0.067,15633.923072,-1.837,42.369,0.1759856290809825,90,-68.495,1024.340992,44.77,14149.861136,106.466,-61.606,21.01,-18.378,-753.569984,216.61,186.976,-32.062,277.732992,264.371008,0.0,-753.070984,721.507968,264.371008,0.0685198697306579,13.17,0.485,216.61,0.3023620611686249,-49.454,8995.620096,415.788,44.77,-753.070976,5771.654144,4699.947008,186.492992,-32.139016,15.498,1028.189984,1.355,251.393008,6638.3032
-67.748,12612.544616,7631.241216,2019-06-30 00:00:00,-1.1645930295070888,1413.675008,1372.020992,156.972992,14.79,356.772,1368.345984,356.772,5576.22784,206.482,-804.827008,1550.579008,445.428992,6829.834848,-47.226,1163.603968,14400.95744,17.450999999999993,-17.421,3.749,0.0,15829.422048,5782.709768,1275.384,33.621,1859.048,219.136,-74.287,15829.42208,-3.09,-22.343,0.1611060128809341,91,-5.265,1018.666968,42.09,14415.74744,65.482,-69.995,130.206,-57.889,-804.827008,219.136,236.556992,-21.431,289.024,206.482,0.0,-804.674008,783.395968,206.482,0.0636314545630649,-36.626,0.616,219.136,0.3066094735077425,-50.316,8999.5872,399.224992,42.09,-804.673984,5772.192768,4708.994944,236.45,-21.86404,14.79,974.448992,0.723,218.875008,6829.834848
-66.971,12495.227984,7485.406208,2019-09-30 00:00:00,2.4560540008437632,1225.683968,1282.19904,160.194,14.879,328.747008,1371.76896,328.747008,5545.787904,35.26,-782.396032,1365.210016,373.154992,6914.18016,-46.993,1133.485952,14530.792448,-41.244992,41.227,3.717,0.0,15771.355328,5581.047824,1095.584,-479.105984,1912.015952,199.388992,54.53,15771.355136,-2.472,57.096,0.1339900261453841,92,46.424,963.745016,30.79,14545.671448,119.713,-63.127,7.111,-171.222,-782.396032,199.388992,158.162,24.576,261.776,35.26,0.0,-696.182032,806.972032,35.26,0.0543347640283979,-282.001984,0.443,199.388992,0.2900318327015314,-49.465,8857.175168,356.224992,30.79,-696.182016,5573.389824,4559.781888,157.422,410.198,14.879,836.820992,1.119,145.930008,6914.18016
-64.465,12443.992752,7283.53024,2019-12-31 00:00:00,0.3940226056386436,1207.01504,1278.443008,166.892992,14.038,328.956992,1336.025984,328.956992,5296.242176,39.4,-519.896992,1358.690944,331.203008,7108.350816,-53.465,1212.049024,14506.8544,-10.185992,9.643,3.711,-12769.733632,15727.90704,5335.641936,1093.025024,500.601984,1954.017984,203.588992,48.093,15727.906816,-7.268,41.401,0.1301677736896999,92,-35.577,859.632,34.3,14520.8924,91.595,-60.741,203.666,4.14,-519.896992,203.588992,193.946,283.915008,264.492,39.4,27276.587008,-518.028992,803.811968,39.4,0.0540660716793484,-281.649984,0.525,203.588992,0.2714056820196738,-60.733,8619.556224,331.203008,34.3,-518.028992,5329.511936,4647.559168,194.108,-459.814976,14.038,838.723008,0.516,254.998,7108.350816
-63.062,12776.885392,7877.244928,2020-03-31 00:00:00,0.0539637982770304,1295.171968,1161.517056,169.204,12.743,33.443,1082.208,33.443,5462.055936,517.571008,-707.372032,1047.919,325.798016,6797.25824,-42.911,880.801024,14448.795648,-159.21699999999998,158.096992,3.651,0.0,15756.711168,5979.627152,785.673,16.042,1906.316064,-27.567,-307.112,15756.710912,-11.637,216.032992,0.0933056503603454,91,130.234,834.264992,7.64,14461.538648,182.461992,0.932,-41.324,478.171008,-707.372032,-27.567,-185.664,-43.554,-29.619,517.571008,0.0,-706.739032,663.817984,517.571008,0.0378805336842221,521.092,-0.046,-27.567,0.0379688477746365,-54.548,8959.452928,325.798016,7.64,-706.739008,5970.929152,4389.939968,-186.784,613.948968,12.743,594.546984,0.532,243.506008,6797.25824
-64.44,12325.369824,7584.992256,2020-06-30 00:00:00,1.8702993620716333,428.390016,1176.58304,173.32,13.508,-262.776,610.113984,-262.776,5747.462144,6.656,-313.608,428.371,177.358992,6571.252,-41.529,176.318,14324.45952,6.619,-9.464,3.651,0.0,14766.35824,5754.117824,169.433,0.273,1838.289984,-248.75,-114.455,14766.357504,6.84,-21.677,0.019978629613013,91,5.602,434.288008,17.53,14337.96752,-78.506,75.621,-116.314,-510.915008,-313.608,-248.75,-239.286,-333.856,-327.216,6.656,0.0,-312.204,-20.248,6.656,0.0082796376312134,-178.463008,-0.618,-248.75,-1.4903526582651798,-34.689,8195.10624,167.916992,17.53,-312.204,5746.701824,3402.654,-242.131008,-510.940992,13.508,126.660984,0.629,-68.918992,6571.252
-63.66,12145.702096,7476.04992,2020-09-30 00:00:00,-0.9285802553446112,699.761984,1192.541952,188.094,13.652,0.524,748.060032,0.524,5620.350976,21.237,-163.091008,100.147992,140.168,6504.114048,-45.273,700.270976,14014.810112,-26.82,24.659,3.651,0.0,14728.224,5641.588048,-155.479,-0.779,1840.912016,-54.763,133.278,14728.223744,4.159,-89.964,-0.0201015897459608,92,-117.062,473.637008,12.28,14028.462112,-87.605,6.212,153.753,-102.544,-163.091008,-54.763,-79.422,10.981,-63.136,21.237,0.0,-162.923008,174.072,21.237,-0.0083601815291687,-113.693,-0.232,-54.763,0.0007482817622874,-41.114,8224.109952,139.822,12.28,-162.923008,5635.138048,2969.439024,-81.583,-101.394016,13.652,-127.491008,0.224,-82.513992,6504.114048
-87.468,11963.569992,7349.566976,2020-12-31 00:00:00,0.177815904606674,852.545024,1208.8,191.816992,34.704,-24.395,860.806016,-24.395,5493.374976,47.47,-330.065984,-275.764,171.791,6422.725216,-66.859,837.64,13745.849344,-13.167000000000002,10.601,3.652,-14771.984384,14633.098208,5540.844776,-545.833984,-6.597,1813.554976,-81.896,80.429,14633.09824,-3.094,131.531,-0.066265238821507,92,-15.624,528.716992,16.3,13780.553344,117.214,27.401,233.14,143.358,-330.065984,-81.896,-92.497,274.596,-111.863,47.47,28517.832704,-329.491984,604.662016,47.47,-0.0279328702865982,-131.812,-0.074,-81.896,-0.0291234898046893,-69.953,8210.372992,156.488,16.3,-329.492,5536.011776,2586.469888,-95.063,150.23,34.704,-424.035008,-21.775,-91.833,6422.725216
-50.629,11693.225224,6891.47904,2021-03-31 00:00:00,0.2578305433053715,1061.820992,1216.790016,200.988992,11.825,416.927008,1232.242048,416.927008,4899.961856,96.057,-428.182016,130.280008,199.137,6697.20608,-52.848,1215.81504,13747.280896,0.0,19.248,3.675,0.0,14820.927168,4996.019144,-135.917016,6.01,1902.864976,278.889984,207.460992,14820.927488,-4.645,29.565,-0.0167161522985709,90,145.271008,713.164992,25.87,13759.105896,127.02,-86.775,486.614,48.587,-428.182016,278.889984,259.642,612.0779520000001,366.297984,96.057,0.0,-428.084016,1040.259968,96.057,-0.0069671185594241,-563.588992,0.503,278.889984,0.3429197651642802,-57.493,8123.721088,187.862,25.87,-428.084,4988.614144,2930.044016,260.275008,51.62400000000002,11.825,-106.519016,14.322,563.799016,6697.20608
-14.559,11720.032952,6761.555968,2021-06-30 00:00:00,-0.2453352205449553,1291.644032,1229.899008,205.776992,13.04,456.518016,1159.404032,456.518016,4614.321152,150.038,-343.353984,849.574024,197.778,6955.674176,-55.553,1235.124992,13571.949568,0.0,43.441,3.676,0.0,14876.634176,4764.358776,633.257992,-4.106,2003.016024,332.766016,-37.116,14876.634112,-2.291,60.023,0.0743214487109919,91,-257.068992,666.294992,38.03,13584.989568,168.589,-109.044,436.623,53.981,-343.353984,332.766016,289.324992,329.504,441.959008,150.038,0.0,-343.129984,672.857984,150.038,0.0320478449782117,-275.747008,0.545,332.766016,0.3696128075756724,-57.844,7920.96,197.778,38.03,-343.129984,4758.539776,3988.851008,289.473984,98.385,12.228,474.997,46.392,1227.159016,6955.674176
