Non-Operating Income (Loss),StockBased Compensation,Line of Credit Available,Equity Charge,WACC Discount Factor,Other Accrued Liabilities,Operating Leases,Line of Credit,Total Current Liabilities,BALANCE SHEET,Total Liabilities & Equity,Operating Income,NonCash Items,Days in Period,Net Share Repurchases,"Cash, Cash Equivalents & STI",Misc LT Assets,Rental Expense - Years 2 - 5,"Selling, General & Admin",Revenue,ST Debt,-Net Share Repurchases,LTM Basic EPS,Rental Expense - Year 1,ST Capital Leases,Rental Expense Beyond Year 5,Dep & Amort,Work In Process,Total Liabilities / Tangible Assets,Current Liabilities,Other Adjustments,Free Cash Flow (LTM),Deferred Compensation,Other Operating Expenses,Free Cash Flow to Firm,ST Deferred Tax Assets,Cash (Repurchase) of Equity,Free Cash Flow to Equity,Deferred Tax Liabilities,Repayments of LT Debt,Other PostRet Benefits,Effect of Foreign Exchanges,Income (Loss) from Cont Ops,year + weight + convention,Free Cash Flow to Firm Model,Dividends,Net Extraordinary Losses (Gains),Net Cash From Disc Ops (fin),Period Weight,Pretax Income,LT Marketable Securities,ST Borrowings,Dividend Yield (LTM),Free Cash Flow per Share,LT Receivables,Prepaid Expenses,Cash % of Revenue,Diluted - Basic Shares,Diluted EPS,Operating Margin,Operating Expenses,Line of Credit Used,Interest & Dividends Payable,PP&E Gross,EBITDAR,A = L + SE,Inventories,Discontinued Operations NI,PV of Free Cash Flow to Firm,Pensions,Raw Materials,Other Non-Op Income (Loss),Bull,Discounted Residual Income (Bear)
882.0,93730.0,59904.0,2011-03-31 00:00:00,-1.8299379982285209,35612.99968,44330.999808,15934.999552,35837.999104,5224.999936,29218.000896,5224.999936,14805.999616,8403.00032,-2884.0,16333.384704,4717.000128,70521.000768,-499,54174.998528,83765.00224,565.450112,208.55,17,-63644.000256,159643.001664,23208.999232,16972.461312,-183.0,37299.99904,3236.549888,-493,159642.99264,-74.0,-1148.0,0.1481842287364699,90,-2090,26454.000384,60.8788752,124030.001152,-1061.0,-2856.450048,1129.0,-3281.999872,-2884.0,3236.549888,3028.0,-937.0,6106.999808,8403.00032,147408.994304,-1096.999936,1947.000064,6172.000256,0.062585504568198,-3060.999936,1.923,3236.549888,0.0,-573.0,89122.000896,4694.000128,60.8788752,-2211.000064,22603.999232,189961.99424,3041.999872,477.000128,2727.000064,9840.09984,20.0,5377.999936,70521.000768
202.0,93774.00096,60145.999872,2011-06-30 00:00:00,1.7463556851311954,34678.001664,44485.001216,14858.999808,36723.999808,4365.076992,29344.0,4365.076992,15056.0,8140.0,-2505.999872,17092.154112,4874.000128,70578.001856,-203,16890.000384,84267.999232,1666.749952,30.25,17,-65955.999744,160068.001728,23195.999104,17360.2304,-174.0,37555.999936,2313.250048,-536,160067.9936,-287.923072,457.0,0.1361101655533448,91,895,26525.99936,57.3188408,125389.996032,329.0,-2236.82688,1372.0,-667.0,-2505.999872,2313.250048,3401.999872,3768.0,4567.076864,8140.0,150223.99488,-2429.999872,6273.999872,5504.999936,0.059171684438913,-4235.000064,2.207,2313.250048,0.0,-490.923072,89489.999872,1103.000064,57.3188408,-2683.000064,22589.999104,163443.995648,2300.0,3839.0,2463.000064,9216.699904,33.0,7679.999936,70578.001856
164.0,89476.002816,59427.00032,2011-09-30 00:00:00,0.8379694464534074,32391.000064,44627.001344,14643.00032,34838.000512,3701.076992,28935.999488,3701.076992,17123.999744,6025.999872,-2969.999872,17593.46176,4760.999936,66326.002176,-145,16257.000448,83089.997824,-2175.049984,389.049984,17,-64044.998656,154689.001984,23150.00064,18492.769024,-185.0,36893.00128,1869.049984,299,154688.995328,-309.923072,1435.000064,0.1432701726905166,92,1196,26322.000384,48.2701024,122297.99936,1149.000064,-1981.026944,1438.0,-2068.0,-2969.999872,1869.049984,2616.0,2643.000064,3865.076992,6025.999872,147135.004672,-2964.999872,5613.000192,3436.999936,0.0624645993635214,-4321.999872,2.177,1869.049984,0.0,-454.923072,88362.999808,4752.999936,48.2701024,-3244.999936,22534.00064,136263.99744,1495.000064,2621.00032,2384.0,9682.699904,-45.0,8275.0,66326.002176
596.692288,88372.001472,59413.000192,2011-12-31 00:00:00,-2.874524795944233,30218.000384,44742.00064,14524.99968,33632.000960000005,3605.846272,28067.999744,3605.846272,16261.999616,6360.999744,-2854.000128,14983.999488,4577.999936,65749.001088,-271,15246.000128,84180.000768,909.9000959999998,1103.100032,17,-65029.001216,153230.001024,22623.000384,16116.691968,-142.0,37803.000192,2363.099904,-258,153230.000128,-265.15384,-370.0,0.1175073472982115,92,-711,25501.000192,55.5502584,123012.001536,297.0,-1819.438464,-1578.0,2343.000064,-2854.000128,2363.099904,3390.000128,2958.000128,4202.538496,6360.999744,149209.00608,-2530.000128,5811.999744,5779.999744,0.05079278159511,-4687.000064,1.799,2363.099904,0.0,-536.153856,87480.999936,145.0,55.5502584,1124.0,21610.000384,63288.999936,1280.0,2752.999616,2138.0,7861.300224,634.692288,8432.0,65749.001088
346.0,95403.00064,59407.998976,2012-03-31 00:00:00,-1.6986564299424185,37065.998336,44954.001408,14874.999808,36184.000704,3239.769344,36430.000128,3239.769344,24145.000448,4215.000064,-3817.999872,14911.7696,11204.000256,67043.00064,-326,14995.999744,85559.001088,2048.6,-386.6,18,-65693.999104,162880.999744,28360.0,16220.461568,-199.0,38049.999936,1774.4,2,162880.995328,-729.230784,11.0,0.1218964712200911,91,196,27515.00032,57.94394320000001,125814.996992,142.0,-1793.369216,-521.0,-2072.999936,-3817.999872,1774.4,2936.999936,364.0,3585.769216,4215.000064,151252.992,-2715.999872,4182.000128,3707.000064,0.0515918210513102,-3270.000128,2.075,1774.4,0.2160422378838898,-1055.230784,95837.999104,6156.000256,57.94394320000001,-3009.999872,21358.000128,63389.000704,2179.000064,1419.000256,2211.000064,8319.799936,13.0,9733.000192,67043.00064
310.0,69451.001152,49204.998144,2012-06-30 00:00:00,-0.480832,16912.0,45034.000384,13482.999808,25857.999104,3287.461632,18360.000512,3287.461632,21963.999232,1044.0,-3623.000064,13834.15424,7139.999744,46443.000384,-235,13400.999936,71226.998784,327.2500480000001,-227.25,18,-57220.001792,114007.99904,23008.000768,15250.846208,2648.0,30375.999872,1470.749952,-405,114007.998464,-169.538464,-718.0,0.1288856277798517,91,-766,13327.999744,55.88,97095.999488,-434.0,-2104.711552,-2452.0,-2663.000064,-3623.000064,1470.749952,2267.000064,-1272.999936,3597.461504,1044.0,128446.99648,-3159.000064,2350.000128,1044.0,0.0545636980728612,-2080.999936,1.186,1470.749952,0.2453146517200311,-404.538464,67564.998656,4065.999872,55.88,-2915.000064,18829.000704,59900.000256,1720.0,22.000064,2153.999872,7477.29984,-55.0,4692.000256,46443.000384
355.615392,68993.999296,50109.001728,2012-09-30 00:00:00,-0.4726477024070022,15781.000192,45148.000256,13381.000192,25965.99936,3289.923072,17383.000064,3289.923072,19849.00096,1268.0,-3279.000064,13423.00032,4316.0,47877.000128,-329,14357.999616,73612.00128,565.849984,-30.85,18,-59889.999872,115369.00192,21116.999168,15031.307776,2353.999872,31327.000128,1694.150016,273,115369.00096,-238.076928,-34.0,0.1290039876229976,92,-297,14198.999552,57.18,99587.997696,362.0,-1936.38848,457.0,224.0,-3279.000064,1694.150016,1798.0,241.0,3645.53856,1268.0,133502.001152,-2757.000064,3520.0,1268.0,0.0540802344116665,-532.0,1.194,1694.150016,0.2291351971018189,-567.076928,67492.001792,1887.000064,57.18,-2772.999936,18781.999104,58000.999424,1740.0,-1204.000128,2278.000128,7302.399872,73.615384,2290.000192,47877.000128
586.0,70151.999936,51273.998336,2012-12-31 00:00:00,-0.5099648300117233,23989.000192,45341.999104,13548.000256,24830.000576,3114.307584,17443.00032,3114.307584,18107.000832,3617.999872,-3452.0,12931.46112,10476.999808,48426.99904,-216,15502.999552,67263.000576,-569.299968,-83.7,18,-58915.999744,117143.997696,21725.000896,14529.077248,1542.0,30504.000576,1743.299968,-726,117144.00256,-718.692288,50.0,0.1182237327898836,92,-372,14158.0,57.99,93155.001472,636.0,-1942.00768,853.0,2350.000128,-3452.0,1743.299968,1426.0,418.0,3700.307712,3617.999872,126179.00032,-3408.0,3870.000128,3617.999872,0.0495091992977108,1402.0,1.424,1743.299968,0.2008841949297632,-934.692288,68716.998656,8938.999808,57.99,-2928.999936,20770.000896,58258.00192,1842.0,1076.000128,2200.0,6693.000192,206.0,-250.0,48426.99904
247.0,70909.998912,50225.000448,2013-03-31 00:00:00,-0.3372927176441475,24234.999808,45442.998272,12583.999488,25654.999168,3527.000064,18314.999808,3527.000064,16225.000448,5445.000128,-3391.000064,13218.692352,8954.0,49239.998272,-165,14373.999616,67889.999872,-251.2500480000001,-228.75,18,-59518.001152,117779.998528,21670.00064,14717.307904,543.0,29905.999616,1781.250048,382,117779.996672,-277.0,-432.0,0.1159983361298298,90,982,14635.999744,60.1,93544.996864,-191.0,-1978.749952,2020.5,1804.0,-3391.000064,1781.250048,2139.000064,1339.000064,3774.000128,5445.000128,127407.996928,-2257.000064,4729.999872,5422.000128,0.0476692534743125,-330.0,1.423,1781.250048,0.2453736022139601,-442.0,68540.000256,7552.0,60.1,-2432.999936,20319.000576,57635.99872,2024.0,2424.999808,2241.999872,6689.449984,-53.0,725.000128,49239.998272
529.0,70652.998272,51299.999744,2013-06-30 00:00:00,-0.9898961549256244,22602.000384,45548.998656,12844.000256,24907.00096,2692.999936,16714.999808,2692.999936,17737.00096,3983.999936,-3704.999936,12624.230656,9270.000256,48931.99872,-193,13324.99968,69437.997056,-1325.650048,-315.350016,18,-60823.998464,116946.998272,21720.999552,14341.846528,-186.0,30133.000192,1737.650048,-958,116947.001344,-786.0,45.0,0.1472570655060101,91,-684,13967.999744,60.5,94345.003008,488.0,-1471.350016,3563.0,-1512.999936,-3704.999936,1737.650048,2050.0,36.0,3222.000128,3983.999936,130261.999616,-3162.999936,3740.999936,3908.999936,0.0602398743112989,-1844.999936,1.289,1737.650048,0.2021013133712886,-979.0,68014.999552,8140.000256,60.5,-3415.000064,21166.999552,57559.998464,2066.0,-272.0,2224.999936,6956.35008,117.0,2034.000064,48931.99872
541.0,73204.9984,51888.001024,2013-09-30 00:00:00,-1.2695115103874228,22556.99968,45654.99904,11962.999808,26074.001024,2972.153856,16334.999552,2972.153856,17784.999936,3883.000064,-4184.999936,12306.46144,9215.0,51536.998912,-249,13582.000128,71128.997888,1562.850048,-633.849984,18,-63398.998016,119759.999488,21667.999488,14209.46176,-202.0,30791.999808,1789.149952,-146,119760.003072,-192.84616,-1009.0,0.1431470088959604,92,-175,14770.000384,69.51,97203.003392,-551.0,-1708.00384,1781.0,-26.0,-4184.999936,1789.149952,2480.0,-480.0,3513.153792,3883.000064,134528.0,-2685.999872,3704.999936,3883.000064,0.0599785640655403,-1084.999936,1.453,1789.149952,0.2188303510521068,-441.846144,68223.000576,8344.0,69.51,-2718.000128,21095.999488,56783.998976,2439.000064,971.000064,2208.0,7051.350016,-38.0,1313.000064,51536.998912
546.0,74154.001856,50436.001792,2013-12-31 00:00:00,-1.108832807570978,19022.999552,45708.00128,11278.000128,25279.999744,2510.38464,15128.999936,2510.38464,15143.999488,6518.000128,-4256.0,11596.53888,3038.000064,52492.001408,-247,13292.000256,72827.00288,15.749951999999894,269.249984,18,-65321.00096,118057.003136,21662.000448,13627.538432,-3028.0,29362.999936,1761.250048,121,118057.00096,-422.615392,326.0,0.1419397093079429,92,-20,13585.999872,70.65,99034.00288,495.0,-1279.134592,3170.0,2363.000064,-4256.0,1761.250048,2487.000064,-345.0,3056.384512,6518.000128,138148.00384,2789.000192,3911.000064,6246.000128,0.0603947268056282,-3872.999936,1.321,1761.250048,0.1888643237775153,-669.61536,65565.001728,2167.000064,70.65,2315.000064,21073.000448,54572.998656,1508.0,6700.000256,2108.0,7102.450176,32.0,604.0,52492.001408
434.0,74827.001792,49287.000064,2014-03-31 00:00:00,3.998638093268323,20400.001024,45772.00128,11445.000192,25599.999744,3426.692352,17116.99968,3426.692352,13475.999744,7730.0,-3895.000064,11602.230784,3011.000064,53621.001152,-182,15178.000384,74025.00096,-285.7500799999998,105.75,18,-66889.998336,120025.000896,21206.00064,13652.230656,-17.0,29793.000384,2208.75008,578,120024.997888,-225.307696,1439.000064,0.1469600621479931,90,614,14197.000064,70.35,99625.00096,1669.000064,-1637.942272,488.333,1274.0,-3895.000064,2208.75008,2123.000064,2440.999936,3860.692224,7730.0,140914.999296,-3847.000064,6336.0,7520.0,0.0630499804419246,-1354.0,1.553,2208.75008,0.2257670487090165,-407.30768,66403.999744,1843.000064,70.35,-3697.999872,19494.00064,55377.000448,2116.999936,2038.999936,2263.000064,7496.800128,42.0,1651.999936,53621.001152
583.0,76920.000192,49770.999808,2014-06-30 00:00:00,-2.335254562920269,18836.000768,45944.000512,11397.000192,27387.999552,2621.076992,16190.999552,2621.076992,14803.999744,6430.000128,-4246.000128,11530.30784,3132.0,55686.00032,-218,13637.000192,75423.997952,797.4000000000001,-68.4,18,-69510.995968,121647.99968,21233.999872,13634.307328,-11.0,30201.000192,1979.6,-693,121647.996928,-753.923072,-277.0,0.1490758339010893,91,-765,13302.999296,85.73,102812.000256,126.0,-1207.476864,520.5,-1378.0,-4246.000128,1979.6,2080.999936,-695.0,3204.0768,6430.000128,144934.99392,-4231.000128,3551.000064,6142.000128,0.0648693403973017,-789.0,1.606,1979.6,0.1922033405512179,-971.923072,65961.99936,1943.000064,85.73,-4193.999872,19569.999872,55689.00096,2064.999936,-680.000064,2364.0,7738.75008,63.0,920.999936,55686.00032
696.0,76847.998144,49183.997952,2014-09-30 00:00:00,0.3605313092979127,16252.99968,46017.998848,10945.000448,26943.0,1825.461504,14140.99968,1825.461504,15404.99968,5782.0,-4588.000256,10383.615488,1886.0,55660.998336,-203,12264.999936,75790.000128,-895.3000320000001,60.3,18,-70116.999168,118985.995968,21186.999808,12642.61504,8.0,29685.000256,1686.300032,-17,118985.998336,-740.538432,-179.0,0.1435495005503325,92,-90,11402.000128,76.52,102732.996608,212.0,-812.161536,-527.0,-734.0,-4588.000256,1686.300032,2704.0,-717.0,2521.461504,5782.0,145907.007488,-3217.000192,3871.000064,5408.0,0.0639667271071969,-973.0,1.206,1686.300032,0.1488350194476511,-943.538432,63324.997632,883.0,76.52,-3502.000128,19498.999808,54372.000768,1648.999936,598.999872,2248.999936,7635.90016,63.0,683.999936,55660.998336
475.0,74837.998592,52728.999936,2014-12-31 00:00:00,0.0,15068.000256,46088.998912,11824.0,24314.000896,570.61536,11537.000448,570.61536,17503.000576,5062.000128,-4355.999744,8323.846144,2000.0,52272.99904,-132,10920.999936,75444.002816,-3235.500032,748.499968,18,-70785.998848,116538.999424,22564.999552,10636.84608,-44.0,30346.000128,709.500032,-624,116538.998784,-135.384608,1338.0,0.1269170510970198,92,-444,11311.000256,69.06,101471.002112,1023.0,-321.115392,0.0,-346.0,-4355.999744,709.500032,-39.0,-1544.999936,1045.61536,5062.000128,146230.001664,-4186.999744,2811.000064,5062.000128,0.0562648139883194,542.0,0.584,709.500032,0.0522493694115886,-267.384608,64266.000384,2000.0,69.06,-3571.000064,22382.999552,53047.001088,-24.0,-1375.99968,718.0,6599.750144,33.0,-516.0,52272.99904
-72.0,71518.998336,51470.999552,2015-03-31 00:00:00,-0.0360953320018638,10840.000512,46153.998336,11653.000192,22113.00032,-203.0,9562.999808,-203.0,19847.000064,2664.0,-3332.0,4814.153856,1696.999936,49007.998208,-159,7731.999744,74220.003328,-2178.05,-508.950016,18,-70256.001024,110041.997568,22511.000128,6496.153664,-18.0,29153.00064,-236.95,-396,110041.997312,-338.0,357.0,0.0812464434497293,90,-55,9325.999872,62.26,99202.002688,-280.0,52.05,-1311.333,-2398.000128,-3332.0,-236.95,272.0,-1264.0,-275.0,2664.0,144475.99616,-3159.0,2068.0,2664.0,0.035976043068693,-1019.0,-0.218,-236.95,-0.0262545275117898,-497.0,61033.99936,1696.999936,62.26,-3313.999872,22318.000128,44554.999808,286.0,-1148.0,1596.0,4138.450064,-103.0,-4055.000064,49007.998208
-48.0,73894.001088,54300.000256,2015-06-30 00:00:00,0.0293177263726414,11943.999488,46262.001664,11884.000256,22854.000256,265.84616,8734.000128,265.84616,21112.000512,3812.999936,-2407.000064,2458.923024,1810.0,48969.001792,-218,8248.999936,74386.997248,711.4,236.6,18,-73854.001152,112003.002176,24924.999296,3509.923024,-17.0,29513.000384,57.6,-96,112002.998272,-230.15384,123.0,0.0426506955108647,91,-334,8560.0,61.41,100058.99776,158.0,-145.24616,-420.667,1148.999936,-2407.000064,57.6,-179.0,-433.0,217.84616,3812.999936,148241.006592,-2286.000064,1974.0,3812.999936,0.0189723143451862,1555.000064,0.037,57.6,0.0322276836055972,-448.153856,63034.000384,1810.0,61.41,-2465.999872,24786.999296,39166.999552,-164.0,2180.999872,1658.0,2216.450064,-117.0,-3793.000064,48969.001792
-80.0,69445.999104,53106.999296,2015-09-30 00:00:00,-0.0851322555683045,9664.0,46328.999936,11856.0,21526.99968,-645.0,8287.000064,-645.0,22478.000128,2412.999936,-2174.000128,-11.53848,1776.0,44554.999872,-293,7173.000192,71827.996672,-3116.849984,632.849984,18,-74420.002816,105948.999232,24890.999232,263.46152,-15.0,28391.000192,-438.150016,240,105949.003776,-30.0,825.0,0.0018495440001847,92,591,6521.000192,47.96,96284.995584,143.0,301.849984,-262.333,-1400.0,-2174.000128,-438.150016,-1071.0,-240.0,-725.0,2412.999936,146248.00768,-2145.000128,1934.0,2412.999936,0.0008180142275428,-990.0,-0.378,-438.150016,-0.0899205329339547,-323.0,61393.99936,244.0,47.96,-2248.999936,24715.999232,34074.999808,-1056.0,-241.000128,1572.999936,92.000016,-76.0,-3316.000064,44554.999872
-289.0,64961.997568,48146.00192,2015-12-31 00:00:00,2.765652515887434,8789.000192,46374.998016,11104.0,20913.000384,-1248.999936,9255.999488,-1248.999936,22512.001024,2368.0,-2136.999936,-2392.0,983.0,40081.997824,-283,6178.999808,66446.000128,-2605.150016,2653.149952,18,-70413.000704,97483.999232,24879.999744,-2456.999936,-28.0,24693.000192,-796.849984,-99,97483.997184,-310.0,4376.0,-0.0324304870321905,92,-224,7037.000128,46.69,88695.000576,2888.0,754.150016,-143.667,-45.0,-2136.999936,-796.849984,-3449.999872,-541.0,-1538.0,2368.0,136859.000832,-508.0,1596.0,2368.0,-0.0138910303659355,-975.0,-0.646,-796.849984,-0.2021362639278463,-593.0,57402.001408,215.0,46.69,-626.0,23452.99968,29564.000256,-3436.999936,1077.0,828.0,-1486.499968,26.0,-2478.000128,40081.997824
-439.0,68862.00256,51602.00192,2016-03-31 00:00:00,0.7864730810407992,10933.999616,46383.0016,11100.99968,20807.000832,-1334.0,8824.999936,-1334.0,24281.99936,5172.999872,-1820.999936,-2962.153776,936.0,39407.001472,-186,5123.999744,65999.998976,760.950016,340.049984,18,-73520.996352,99834.003328,29455.001088,-3818.153776,-38.0,24225.999872,-1128.950016,-407,99834.003456,-267.0,721.0,-0.0525717742996201,91,-251,6189.0,40.27,88899.998976,-106.0,657.049984,-783.667,2497.999872,-1820.999936,-1128.950016,-1468.999936,-1400.0,-1772.999936,5172.999872,139520.999424,-1685.999936,421.0,4865.999872,-0.021978215780369,4136.999936,-1.04,-1128.950016,-0.2603434946619701,-453.0,60427.001856,457.0,40.27,-2064.999936,27376.001024,26724.99968,-1456.0,3264.999936,1684.999936,-2306.350016,-1.0,-2614.0,39407.001472
-225.0,66508.001472,50874.998784,2016-06-30 00:00:00,-1.3472987872105844,9258.999808,46447.0016,11045.999616,20991.000832,-1110.0,7347.999744,-1110.0,24525.000704,4152.0,-1132.999936,-4337.999936,813.0,37831.001536,-167,5511.000064,63685.001216,-385.05324800000005,160.053248,18,-74242.998272,96054.000064,28676.999936,-5371.0,-41.0,23528.999616,-910.946752,-434,96054.001664,-351.0,601.0,-0.0760154273596938,91,30,5585.999872,43.6,86795.001856,-29.0,437.053248,-362.8,-2003.000064,-1132.999936,-910.946752,-1071.0,126.0,-1335.000064,4152.0,137927.999488,-904.999936,1259.000064,2863.000064,-0.0314807650692587,-1120.0,-0.61,-910.946752,-0.2014153487768858,-518.0,58222.998528,480.0,43.6,-2122.0,27345.999872,23986.999808,-1058.0,-408.999872,1684.999936,-3274.896768,-24.0,-2055.0,37831.001536
-370.0,65145.00032,50290.999296,2016-09-30 00:00:00,1.308663195215232,9640.999936,46498.000896,11143.000064,20773.998976,-783.0,7536.999936,-783.0,24365.000704,4323.999872,-916.0,-4475.999936,1046.0,36456.000384,-203,6403.999744,61648.9984,-298.699968,225.7,18,-72984.00256,94283.999616,28688.999936,-5798.999936,-14.0,22938.000512,-814.300032,51,94283.997184,-46.0,540.0,-0.0908446571876557,92,50,5889.000064,43.47,84642.99904,-155.0,352.7,157.667,1227.000064,-916.0,-814.300032,-1040.0,364.0,-1152.999936,4323.999872,134632.996864,-860.0,1280.0,4089.999872,-0.0364679824653815,-347.0,-0.6930000000000001,-814.300032,-0.1222673378045656,-249.0,57827.999232,800.0,43.47,275.0,27352.999936,23217.99936,-1026.0,408.0,1672.999936,-3651.046784,17.0,-1451.0,36456.000384
115.0,62501.002496,47637.000192,2016-12-31 00:00:00,-0.1929723156786939,8609.000448,46525.001728,9669.000192,20613.999872,-612.0,6909.000192,-612.0,23615.000576,3659.999872,-999.0,-3839.000064,682.0,35226.002176,-83,6654.000128,58331.000832,-325.0,-480.0,18,-73074.999296,89772.00256,27275.00032,-4758.000128,-44.0,21451.000384,-515.0,-31,89771.999232,-791.0,-204.0,-0.0913896912866623,92,-310,5764.0,50.14,81163.001344,-273.0,-2.0,550.167,-480.0,-999.0,-515.0,-35.0,444.0,-497.0,3659.999872,131405.996032,-132.0,1443.000064,3609.999872,-0.0364746662255158,-1906.0,-0.412,-515.0,-0.0919747502595779,-874.0,54546.000384,414.0,50.14,53.0,26186.000384,23693.000704,-19.0,-100.999936,1532.999936,-3415.049984,217.0,-466.0,35226.002176
-258.0,62036.000256,44845.99808,2017-03-31 00:00:00,0.5452414439756212,10727.999488,46528.0,9102.999552,20716.999936,295.0,7526.000128,295.0,23074.000896,3360.999936,-966.0,-1896.0,3165.000128,35600.999936,-97,7466.999808,54440.001536,1018.4,-786.4,18,-66400.002048,87972.998144,26435.00032,-2748.0,-16.0,19505.99968,-200.4,89,87973.003264,-420.0,577.0,-0.0599647172774734,90,-38,6198.000128,49.87,77245.00224,-737.0,-224.4,533.25,-501.0,-966.0,-200.4,586.0,824.0,37.0,3360.999936,120840.003584,-931.0,1790.0,3108.999936,-0.0237685145296798,-1344.0,-0.003,-200.4,0.0395071658745648,-517.0,52371.998208,2966.000128,49.87,-974.0,25340.000256,26190.999552,599.0,20.0,1600.0,-2231.946784,-144.0,1758.0,35600.999936
-238.0,53967.000896,37579.001856,2017-06-30 00:00:00,0.2265100671140939,19879.000064,46576.001024,8858.000384,11279.000192,546.0,9925.999616,546.0,13201.000448,10267.000064,-1020.0,-240.0,5572.999936,30499.001152,-95,6728.999936,46846.001152,-3986.0,3604.999936,18,-62017.998848,78004.002624,23467.999744,-1104.999936,-48.0,17909.000512,165.0,-149,78004.002816,-49.0,4689.999872,-0.0340852126253714,91,110,5912.999872,43.96,58125.000704,3455.999872,-129.0,596.0,4424.999936,-1020.0,165.0,-3440.0,731.0,308.0,10267.000064,108863.995904,9687.00032,1751.000064,7534.000128,-0.0132829287047563,-4599.000064,-0.018,165.0,0.0811413293495385,-144.0,47505.001472,5376.999936,43.96,7197.000192,19669.999616,27408.999424,-3425.999872,8198.000384,11237.000192,-1156.000032,-114.0,2363.0,30499.001152
-34.0,51715.999744,37018.001408,2017-09-30 00:00:00,-1.0875331564986737,16954.000384,46613.000192,8974.999552,9203.000192,542.0,7130.999808,542.0,11397.000192,9607.000064,-1088.0,1085.0,3102.0,30711.999744,-110,6671.000064,46669.000704,1271.35,-221.35,18,-64114.999296,74861.00096,21004.0,556.0,-16.0,17344.999744,198.65,285,74861.002752,-107.0,-742.0,-0.0042912854274893,92,-9,5594.999872,50.05,57907.001088,-964.0,-293.350016,377.0,-623.0,-1088.0,198.65,420.0,-33.0,508.0,9607.000064,110784.004096,1910.000128,1055.0,6911.000064,-0.0016914481664149,-3827.000064,0.084,198.65,0.0812471885474711,-217.0,44149.001216,2932.0,50.05,2008.0,19672.999936,27675.999744,436.0,450.000064,1510.0,-143.05,-3.0,1966.0,30711.999744
660.0,50504.000128,33163.999232,2017-12-31 00:00:00,0.5145326001571092,16512.0,46640.001024,8691.999744,9237.000256,488.076928,9397.000192,488.076928,11505.000448,8198.000128,-1516.999936,1617.076864,3075.0,30801.000576,-125,8239.000064,45682.999296,798.197888,-1024.197888,18,-64747.999232,73362.0,19702.999552,2103.076864,-32.0,16035.999616,554.802112,466,73361.997824,-940.923072,228.0,0.0228541793675805,92,-48,6518.999936,54.89,56849.999488,-683.0,-574.274816,636.5,-586.0,-1516.999936,554.802112,1579.000064,964.0,1148.076928,8198.000128,110431.002624,-1396.999936,2480.999936,6325.000192,0.0091875392441067,-2585.999872,0.439,554.802112,0.0592398257323281,-1065.923072,42560.999424,2800.0,54.89,-469.0,17127.999488,29105.999872,1598.0,-198.0,1327.000064,749.4,652.0,2486.000128,30801.000576
-25.0,47764.002112,32899.999744,2018-03-31 00:00:00,0.08,13187.00032,46660.001792,8736.0,9677.999808,1971.000064,7109.000192,1971.000064,11774.000128,5272.0,-1535.000064,3781.000064,2829.999936,30718.00192,-99,8755.00032,45996.998656,-137.66995199999997,226.67,18,-66709.999616,70727.001856,17046.000192,3852.0,-32.0,16190.999936,1114.669952,-56,70727.000064,-232.0,120.0,0.0609195863811779,90,-86,6472.0,59.29,57539.99872,185.0,-819.329984,800.0,-1330.0,-1535.000064,1114.669952,888.0,864.0,1946.0,5272.0,112707.002368,-1366.000064,2399.000064,4984.0,0.0252964073838283,-3776.0,0.729,1114.669952,0.225128497082682,-331.0,40008.999936,2596.999936,59.29,-78.0,16709.000192,30274.000384,900.0,-1855.0,1922.0,2007.269968,-41.0,2008.0,30718.00192
302.0,46195.99904,31075.999744,2018-06-30 00:00:00,0.0695511341780903,11608.000512,46763.999232,8675.999744,9174.999744,1976.0,6638.000128,1976.0,11128.000512,3845.999872,-1999.000064,5211.000064,2919.000064,31221.998848,-118,8504.0,46306.000896,22.99993599999993,-289.0,18,-68168.998912,68935.99872,14974.000192,5822.000128,-16.0,16190.999872,1351.000064,-5,68935.999488,-322.0,-110.0,0.1041374260370467,91,177,6263.999744,69.62,57328.001024,87.0,-913.0,1255.667,-1748.999936,-1999.000064,1351.000064,1640.0,1343.000064,2278.000128,3845.999872,114474.999808,-1860.000064,3342.000128,3233.999872,0.0434635903352381,-3003.000064,1.083,1351.000064,0.2323612417685795,-440.0,37713.999872,2651.000064,69.62,-1948.999936,14885.000192,32049.000448,1654.0,-581.999936,1544.0,3193.270032,171.0,2620.000064,31221.998848
389.0,47075.999744,31075.999744,2018-09-30 00:00:00,0.11721163726095,14723.00032,46876.000256,8677.000192,9220.000256,2263.000064,7400.999936,2263.000064,10405.999616,4591.0,-1599.000064,6932.000128,4573.999808,32079.000128,-119,9448.999936,44736.0,446.0,-251.0,18,-66664.001536,70555.999808,14996.999616,7966.000128,-63.0,16174.00032,1610.0,456,70556.000256,-364.0,-30.0,0.1474658139771917,92,-51,6997.000064,77.4,55832.99968,106.0,-1030.0,1621.0,483.0,-1599.000064,1610.0,1860.999936,1811.000064,2652.0,4591.0,111400.001536,-1513.000064,3409.999872,3716.0,0.0633298711533297,-1263.000064,1.196,1610.0,0.2394962513840364,-483.0,38476.99968,4314.999808,77.4,-1638.0,14901.999616,34827.00032,1872.999936,1878.999808,1502.0,4604.620032,268.0,4464.000128,32079.000128
-495.632896,47031.999808,30520.999936,2018-12-31 00:00:00,0.3445065971446307,13274.000384,46897.000448,8672.0,9200.999936,2047.000064,7394.999808,2047.000064,8805.000192,6162.999808,-1616.999936,8055.000064,2184.0,32064.00032,-65,9665.999872,45697.998848,-47.950016000000005,-555.049984,18,-64898.998272,69980.000064,14967.999488,9329.974272,-12.0,15665.000192,1312.950016,-29,69979.99616,-314.0,-177.0,0.1703654967440366,92,595,6881.000064,62.35,56705.99936,-292.0,-228.417088,1611.0,2211.000064,-1616.999936,1312.950016,1868.0,2166.000128,1551.36704,6162.999808,110596.99712,-928.999936,3783.000064,5914.999808,0.0743374653570774,-1316.999936,0.996,1312.950016,0.2117732351652156,-379.0,37915.999744,1774.0,62.35,-178.0,14855.999488,36416.999424,1878.0,2829.000128,1407.000064,5327.840256,-662.632896,6184.0,32064.00032
214.0,48893.001536,31146.999808,2019-03-31 00:00:00,0.0652541830508474,13683.00032,46895.0016,8684.000256,9179.000192,1800.999936,7369.999872,1800.999936,9445.000192,6466.999872,-1636.999936,8231.000064,2501.000064,32981.001856,-153,9150.000128,46923.001856,887.430016,-698.430016,18,-66969.001984,71498.001536,15911.99968,9285.000192,-14.0,15630.000064,1134.569984,-87,71497.998336,-429.0,-430.0,0.1704777119198195,90,-54,6686.000128,66.74,57815.0016,-431.0,-867.430016,1180.0,319.0,-1636.999936,1134.569984,1832.999936,1256.999936,2015.000064,6466.999872,113891.999744,-1494.999936,2894.000128,6217.999872,0.0760002818744978,-1172.999936,0.907,1134.569984,0.1968305913448835,-582.0,38516.99968,2251.000064,66.74,-1476.999936,15516.99968,36768.999936,1846.0,1380.000192,1560.0,5404.569984,239.0,6577.000192,32981.001856
45.0,49041.000128,29191.000064,2019-06-30 00:00:00,-0.2536929993577392,15800.000512,46940.000256,7146.999808,8689.000192,1906.0,8995.999744,1906.0,9294.000128,6673.000192,-1728.999936,8161.000064,4547.999936,33074.0,-129,7952.999936,45381.001216,523.9999359999999,-437.0,18,-60043.001856,71260.999808,15967.000128,8958.000128,-41.0,13688.99968,1143.000064,-556,71261.003776,-142.0,572.0,0.1623471547849655,91,-531,8183.999744,61.0,55461.001728,352.0,-791.0,1557.0,-273.0,-1728.999936,1143.000064,1580.0,1162.0,1951.000064,6673.000192,105424.003072,-1169.999936,2891.000064,5941.000192,0.0741323974552369,-1654.0,1.019,1143.000064,0.2396579926239295,-271.0,38186.999808,4208.999936,61.0,-1460.999936,15502.000128,36217.999872,1596.999936,1702.000128,1294.0,5196.569984,32.0,6396.000128,33074.0
136.0,50963.998144,29159.000064,2019-09-30 00:00:00,-0.5338028169014084,15217.000448,46971.998208,7130.999808,8997.999808,1528.999936,5942.000128,1528.999936,7624.0,8100.999936,-1675.000064,7426.999936,2683.000064,35238.998336,-87,7756.000256,44619.001856,2276.0,-2103.000064,18,-60013.99808,70339.998528,15724.999808,7971.000064,-18.0,13804.0,953.0,-104,70340.001792,-296.0,-1895.000064,0.1353156697246463,92,-307,5312.999936,56.98,55123.001472,-1978.000064,-697.0,1420.0,1260.999936,-1675.000064,953.0,3056.0,662.0,1664.999936,8100.999936,104632.999936,544.0,2336.999936,7192.999936,0.0644385918410016,-1132.0,0.717,953.0,0.1971376850867396,-383.0,35101.000192,2459.000064,56.98,150.0,15354.999808,34525.000192,3071.000064,2859.999936,1548.999936,4539.569984,-36.0,5247.000064,35238.998336
-109.0,50877.001792,28420.999168,2019-12-31 00:00:00,0.1831109966195611,16913.000448,47001.001984,6432.0,8977.000256,1708.0,7042.999808,1708.0,7711.000064,8116.0,-1595.000064,6520.999936,4504.0,35050.00224,-187,7708.000256,43164.99968,186.0,111.0,18,-55476.998144,70514.001216,15826.999552,7198.000128,-46.0,13045.999808,831.0,108,70513.999872,7.0,601.0,0.1206216331621132,92,313,6284.0,65.03,53601.000192,461.0,-745.0,1172.333,-2096.0,-1595.000064,831.0,720.0,1387.000064,1599.000064,8116.0,98642.00192,-1503.000064,2982.000128,5088.0,0.0574544124872173,-1270.0,0.81,831.0,0.2215879532010228,-180.0,35463.998976,4216.0,65.03,-3830.000128,15374.999552,32566.99904,743.0,1458.000064,950.0,4036.0,-33.0,4467.999744,35050.00224
138.0,46360.000896,27570.999296,2020-03-31 00:00:00,7.854368932038835,13144.000512,47045.001216,6826.999808,9766.00032,694.0,6074.999808,694.0,7199.000064,7773.999872,-1648.999936,5836.999936,2528.0,31387.001344,3,6158.000128,40645.001216,-3013.0,2224.999936,18,-55424.999424,65033.000448,14972.999552,6047.000064,-24.0,12723.999808,486.0,-524,65032.998912,28.0,2163.000064,0.1063670612339172,91,497,5592.000064,30.8,51889.000832,1936.000064,-318.0,51.5,-1179.000064,-1648.999936,486.0,-1739.000064,456.0,832.0,7773.999872,96070.00064,-1099.999936,2104.999936,3908.0,0.0499959735561075,-1230.0,0.174,486.0,0.1126989258808927,31.0,33645.999104,2164.0,30.8,-1932.0,14846.999552,29575.000576,-1711.000064,981.0,2502.000128,3413.000064,-26.0,3667.000064,31387.001344
-136.0,46490.999936,27448.000512,2020-06-30 00:00:00,-35.23809523809524,11052.99968,47096.999936,7054.000128,9427.999936,-1188.0,4104.999936,-1188.0,8105.999872,6892.0,-876.0,2742.999936,1780.0,31493.000192,-156,2748.999936,41119.997952,1574.0,-1254.0,18,-57175.998464,63046.00064,14997.999744,2772.0,-4.0,12596.000064,-994.0,-463,63046.00064,-305.0,-649.0,0.0395849166638182,91,-519,3628.999936,42.02,51992.997632,-742.0,348.0,21.0,-993.0,-876.0,-994.0,260.0,-719.0,-1324.0,6892.0,98295.996416,-112.0,157.0,2907.000064,0.0190012427951671,-649.0,-0.5760000000000001,-994.0,-0.432157158114972,-461.0,31553.000448,1464.0,42.02,-530.0,14851.999744,24371.000576,278.0,-145.0,2504.0,1276.0,-26.0,1786.000064,31493.000192
-110.0,46170.000512,27733.999616,2020-09-30 00:00:00,-2.606060606060606,11059.00032,47131.000832,7245.000192,9411.000064,-289.0,4640.0,-289.0,8865.000448,6521.999872,-1132.999936,925.0,1519.0,30783.000576,-96,4385.999872,41268.998144,36.049984,122.95,18,-58725.998592,63157.000192,15386.999936,708.000064,301.0,12829.000256,-327.049984,130,63156.998144,-187.0,375.0,-0.0001228589563571,92,-360,3877.999936,32.84,52097.998464,267.0,71.95,165.0,-394.0,-1132.0,-327.049984,-450.0,-265.0,-399.0,6521.999872,99995.000832,-1132.0,868.0,2489.999872,-6.067528112154744e-05,-177.0,-0.32,-327.049984,-0.0658914747911784,-283.0,32373.999616,1246.0,32.84,-1116.0,14904.999936,21001.000192,-450.0,-284.999936,2505.999872,-4.049984,41.0,859.000064,30783.000576
-151.0,46003.001664,27402.999808,2020-12-31 00:00:00,0.4312354312354312,12065.999872,47151.0016,6451.999744,8419.000064,-68.0,5366.000128,-68.0,9553.999872,6600.0,-1058.0,-1123.000064,1829.999936,29849.001984,-181,5490.999808,40675.999744,-124.58,572.579968,18,-62213.001216,62618.00192,16153.99968,-1116.999936,1.0,12093.999744,-199.42,238,62618.001408,-44.0,1299.000064,-0.0320839096788148,92,10,4289.999872,39.99,50551.999488,893.000064,19.58,429.0,519.0,-1058.0,-199.42,-772.0,614.0,-219.0,6600.0,102888.996864,-1053.0,1672.0,2991.000064,-0.0156235914731379,-652.0,-0.283,-199.42,-0.0123839013618118,-225.0,32768.999936,1600.999936,39.99,-543.0,15308.99968,18784.0,-772.0,599.0,1087.000064,-1040.0,-34.0,87.0,29849.001984
-3.0,63182.001728,33354.000384,2021-03-31 00:00:00,0.0957339563230066,14613.999616,60299.001856,7282.999808,9122.999936,1632.999936,7184.0,1632.999936,13091.999744,6935.000064,-1216.999936,87.999936,2242.0,43155.001344,-311,9825.999872,58269.999104,0.0,-82.37,21,-64082.00192,83693.001728,20027.000384,-312.0,2.0,14015.999936,899.630016,397,83693.002752,240.0,-976.0,-0.0166735598227474,90,-15,6252.000064,52.97,69078.999424,-773.0,-730.369984,787.6,-152.0,-1216.999936,899.630016,982.0,863.0000640000001,1630.0,6935.000064,122352.001024,-1216.999936,2080.0,2831.000064,-0.0083487750770385,-1015.0,0.538,899.630016,0.1661917318616468,-71.0,40538.000384,2010.0,52.97,-1215.000064,19338.000384,22451.999488,982.0,837.0,2476.999936,-620.839968,114.0,493.0,43155.001344
-144.0,64286.000896,32977.000448,2021-06-30 00:00:00,0.3511203383424817,17171.999744,60358.00064,7469.000192,8901.000256,2860.999936,8150.000128,2860.999936,11150.999552,8859.000064,-1248.0,4136.999872,2773.999936,44276.000768,-117,9555.999744,57716.998144,0.0,-373.42,21,-65571.999744,85403.001344,20010.000128,3728.999936,1.0,14171.999936,1717.580032,359,85403.000832,47.0,-282.0,0.0551872137681637,91,211,6235.000064,60.9,68230.998272,82.0,-999.420032,2222.6,3792.999936,-1248.0,1717.580032,2091.000064,3003.000064,2716.999936,8859.000064,123289.001984,-1071.0,4251.000064,6608.0,0.0281677888469239,-1203.000064,1.126,1717.580032,0.2993930528091902,-70.0,41127.000576,2088.999936,60.9,734.0,18805.000192,29258.999296,2091.000064,3145.0,8812.000256,2090.740064,-57.0,4215.000064,44276.000768
