Non-Operating Income (Loss),StockBased Compensation,Line of Credit Available,Equity Charge,WACC Discount Factor,Other Accrued Liabilities,Operating Leases,Line of Credit,Total Current Liabilities,BALANCE SHEET,Total Liabilities & Equity,Operating Income,NonCash Items,Days in Period,Net Share Repurchases,"Cash, Cash Equivalents & STI",Misc LT Assets,Rental Expense - Years 2 - 5,"Selling, General & Admin",Revenue,ST Debt,-Net Share Repurchases,LTM Basic EPS,Rental Expense - Year 1,ST Capital Leases,Rental Expense Beyond Year 5,Dep & Amort,Work In Process,Total Liabilities / Tangible Assets,Current Liabilities,Other Adjustments,Free Cash Flow (LTM),Deferred Compensation,Other Operating Expenses,Free Cash Flow to Firm,ST Deferred Tax Assets,Cash (Repurchase) of Equity,Free Cash Flow to Equity,Deferred Tax Liabilities,Repayments of LT Debt,Other PostRet Benefits,Effect of Foreign Exchanges,Income (Loss) from Cont Ops,year + weight + convention,Free Cash Flow to Firm Model,Dividends,Net Extraordinary Losses (Gains),Net Cash From Disc Ops (fin),Period Weight,Pretax Income,LT Marketable Securities,ST Borrowings,Dividend Yield (LTM),Free Cash Flow per Share,LT Receivables,Prepaid Expenses,Cash % of Revenue,Diluted - Basic Shares,Diluted EPS,Operating Margin,Operating Expenses,Line of Credit Used,Interest & Dividends Payable,PP&E Gross,EBITDAR,A = L + SE,Inventories,Discontinued Operations NI,PV of Free Cash Flow to Firm,Pensions,Raw Materials,Other Non-Op Income (Loss),Bull,Discounted Residual Income (Bear)
-8.874,1675.913984,822.246976,2011-03-31 00:00:00,0.3571265822784809,140.934,481.027008,9.36,17.481,-8.154,161.578,-8.154,511.353984,85.152,-158.14,-19.486,21.592,1079.408,-8.428,88.038,1904.818048,18.839,-13.041,23.813,-1062.48,2063.232976,596.505984,-38.795,-6.577,225.740992,-10.637,-0.38,2063.233024,-9.537,-10.221,-0.0286827894412732,90,-5.679,145.564,154.7,1922.299048,-6.123,6.391,-79.0,2.464,-158.14,-10.637,2.404,-107.213,-17.028,85.152,2967.298048,-124.399,50.927,4.196,-0.0156666756711664,75.936,-0.537,-10.637,0.0,-17.965,983.824976,21.592,154.7,-124.399,596.505984,331.09,2.404,9.528,17.481,-30.9558,1.41,-362.241,1079.408
-10.327,1768.924992,919.139968,2011-06-30 00:00:00,0.4919722222222222,130.485,484.752,9.508,16.677,8.352,172.024,8.352,625.601984,66.038,-174.396992,-12.082,24.241,1077.284992,-8.917,112.451,2021.28704,-4.2801,-5.5169,23.824,-1137.074944,2168.44896,691.64,-34.263,0.0,227.5,-1.5679,-8.91,2168.449024,-0.082,-7.568,-0.0259747743299538,91,-10.242,160.597,143.95,2037.96404,-1.421,0.4071,-72.0,-0.64,-174.396992,-1.5679,3.949,-107.422,-1.975,66.038,3158.362112,-162.489992,66.975,3.556,-0.0137366699414111,94.875,-0.222,-1.5679,0.0,-8.999,1091.163968,24.241,143.95,-162.49,691.64,352.859,3.949,-0.514992,16.677,-27.74115,0.083,-381.104,1077.284992
-9.801,1809.907008,979.660032,2011-09-30 00:00:00,-0.0426499999999999,89.728,488.697984,9.649,15.863,12.06,153.352,12.06,710.523008,36.251,-157.088,-2.143,12.772,1063.132992,-8.628,119.422,2090.553984,-17.7901,-1.6169,23.823,-1214.497024,2196.145024,746.774016,-27.122,0.0,232.885992,-0.3079,12.426,2196.144896,-0.447,-1.197,-0.0219126277460353,92,14.099,152.188,77.3,2106.416984,6.721,-2.5669,-60.0,0.988,-157.088,-0.3079,1.309,-57.441,2.259,36.251,3305.05088,-153.659,99.647,4.544,-0.0113077421414092,55.0,-0.452,-0.3079,0.0,-9.075,1133.012032,12.772,77.3,-153.659008,746.774016,392.561,1.309,0.988,15.863,-23.36595,0.187,-340.272,1063.132992
-11.796,2234.533024,1415.052032,2011-12-31 00:00:00,8.047272727272727,113.09,492.772,16.439,16.949,7.3,187.207008,7.3,1140.806016,56.102,-564.955008,19.558,9.906,1037.624992,-9.199,114.456,2509.844992,-39.489,37.6,24.063,-1353.458944,2639.884032,1196.908032,-21.24,-2.513,218.143992,-3.534,-7.357,2639.884032,-0.082,58.861,-0.0091493222724242,92,-11.445,179.543,76.5,2526.793992,41.69,0.962,-55.0,3.916,-564.955008,-3.534,-41.134,-497.6,-4.496,56.102,3863.303936,-564.955008,67.355,8.46,-0.0041853800242961,448.099008,-0.625,-3.534,0.0,-9.281,1602.25904,9.906,76.5,-511.537984,1196.908032,434.367008,-41.134,-47.600008,16.949,-9.63495,0.21,-720.598976,1037.624992
-12.064,2234.399072,1433.25504,2012-03-31 00:00:00,-0.8438399940545863,176.799008,494.902016,15.93,16.201,-9.464,250.06,-9.464,1186.137984,20.904,-141.584992,18.248,110.885,1027.357024,-8.798,102.418,2517.671936,-15.208399999999996,-15.0466,24.058,-1233.116032,2710.672064,1207.042048,-25.74,-1.467,226.213,-13.6296,48.438,2710.671872,-1.353,-20.853,-0.0180745358719226,91,53.508,241.927992,79.14999999999999,2533.872936,-15.663,7.8984,-53.823,-4.71,-141.584992,-13.6296,1.375,-8.405,-21.528,20.904,3750.788096,-141.584992,133.18,3.75,-0.0079764471286191,8.533,-0.836,-13.6296,-0.0924056318225312,-10.151,1683.31504,19.365,79.14999999999999,-146.423008,1207.042048,448.747,1.417,1.595008,16.201,-19.0394,0.239,-670.868,1027.357024
-13.068,2264.527936,1443.293056,2012-06-30 00:00:00,-6.101667227213761,86.062,497.961984,16.528,28.031,-23.857,176.726,-23.857,1204.525952,18.709,-117.002,-13.961,32.698,1041.292992,-9.033,93.048,2547.218944,44.05305,-32.41805,24.081,-1353.070976,2661.312048,1223.234944,-60.69,-6.738,220.058,-15.70805,-65.61,2661.312,-0.037,-46.572,-0.0313224721965202,91,-52.8,167.964,82.10000000000001,2575.249944,-46.667,21.21695,20.813,1.858,-117.002,-15.70805,7.165,-106.181,-36.925,18.709,3900.290048,4.32,10.821,3.505,-0.0137396239006959,9.174,-1.736,-15.70805,-0.2563945490499527,-9.07,1620.019056,14.162,82.10000000000001,-18.137,1223.234944,429.344,16.71,31.053,21.796,-33.17955,0.283,-669.627,1041.292992
-15.374,2250.122944,1446.43904,2012-09-30 00:00:00,-2.899647266313933,88.029,501.28,16.846,23.786,-22.744,200.086,-22.744,1221.168,17.641,-60.155,-39.764,28.293,1011.313984,-8.142,100.434,2546.023936,4.638099999999998,9.0389,24.081,-1475.913984,2657.839024,1238.80896,-94.178,1.504,207.63,-35.1731,22.537,2657.839104,-1.407,14.759,-0.070978194045679,92,17.083,194.068,91.9,2569.809936,10.299,2.9449,-11.34,-3.039,-60.155,-35.1731,-30.449,21.542,-38.118,17.641,4021.93792,-1.836,81.697,2.569,-0.0303339483607692,14.823,-1.247,-35.1731,-0.2264571758567815,-9.549,1646.52504,17.47,91.9,-99.559,1238.80896,429.915,-44.212,94.861,20.95,-73.62025,0.153,-682.497008,1011.313984
-21.564,2257.916992,1492.944,2012-12-31 00:00:00,2.7621145374449334,79.9,504.799008,18.66,531.310016,-77.7,143.419008,-77.7,1307.6,16.783,-103.997,-133.765,28.444,933.534016,-7.825,98.68,1958.686976,-12.1537,10.9967,24.204,-1546.48704,2569.897024,1324.382976,-200.492992,-1.709,168.560992,-65.9973,-37.109,2569.89696,-58.652,82.229,-0.1354390989851591,92,-33.369,104.799,75.600625,2489.996992,46.551,33.2667,-17.933,1.902,-103.997,-65.9973,-78.151,-67.466,-99.264,16.783,3505.174016,-103.997,36.531,4.471,-0.0512443806006346,84.972,-1.835,-65.9973,-0.7873935954600729,-66.477,1636.363008,9.225,75.600625,-119.601,1324.382976,394.58,-76.994,17.534,19.944,-133.486,-4.839,-122.805,933.534016
-17.333,2236.83904,1494.774016,2013-03-31 00:00:00,-2.1044561271748656,673.724992,504.708992,19.019,18.942,-18.536,225.851008,-18.536,1328.113024,6.844,-62.058,-137.319,628.459992,901.881984,-8.787,97.34,1929.84,-7.623499999999996,0.5785,24.152,-1630.947968,2622.507008,1334.957056,-203.015,-3.319,159.817,-23.9385,35.461,2622.507008,-2.593,4.92,-0.1482965038616926,90,15.737,174.326,81.25,1948.782,-2.365,11.9305,-31.956,2.373,-62.058,-23.9385,-27.144,35.294,-35.869,6.844,3560.787968,-62.058,97.352,6.844,-0.0536451910647332,6.681,-2.349,-23.9385,-0.1904253133347031,-11.38,1720.625024,63.123,81.25,-101.66,1334.957056,414.175,-24.517,45.294,18.942,-143.0497,0.245,-219.430008,901.881984
-21.925,1911.705024,1111.714944,2013-06-30 00:00:00,-1.202743588792234,334.505984,507.544,18.862,17.907,-14.552,122.126,-14.552,619.587008,263.736992,-70.768,-132.742,31.712,1028.380992,-9.056,110.701,1909.809024,153.1535,-1.9175,24.158,-1700.830976,2262.221936,883.324032,-206.379,-0.391,228.390992,-23.4485,-23.301,2262.22208,-9.754,11.027,-0.1414659517699189,91,-24.337,120.893,78.64999999999999,1927.716024,2.529,13.0285,296.473,256.892992,-70.768,-23.4485,129.705,-60.108,-36.477,263.736992,3610.639872,-70.768,10.66,263.736992,-0.0594671216330851,-458.656992,-1.342,-23.4485,-0.1314531937380872,-18.81,1233.840944,28.188,78.64999999999999,704.889984,883.324032,420.186,-21.531,-512.332992,17.907,-146.3942,-2.685,-124.047,1028.380992
-20.107,1876.135968,906.531968,2013-09-30 00:00:00,-0.4505171085928045,325.18,501.432,19.33,15.396,-10.481,378.617984,-10.481,655.544,228.352992,-117.527,-120.479,57.057,992.239008,-8.153,108.03,1936.813056,-3.899999999999999,3.9,23.842,-1786.370048,2277.38896,883.89696,-198.849,2.014,218.272,-20.134,62.115,2277.389056,-2.995,10.579,-0.1311221620036891,92,34.69,180.85,79.55,1952.209056,1.147,10.454,-36.356,-35.384,-117.527,-20.134,-24.034,-19.977,-30.588,228.352992,3723.183104,-104.312,97.55,228.352992,-0.0532316220208955,-15.23,-1.601,-20.134,-0.0970193464778302,-11.148,1285.149952,49.757,79.55,-117.704,688.259968,427.782,-24.034,-6.762,13.576,-131.3551,0.423,-165.566,992.239008
-15.699,1750.705024,992.398016,2013-12-31 00:00:00,-0.1894477342299392,57.134,504.656,16.672,15.529,-23.785,194.995008,-23.785,795.732992,2.967,-184.932,-75.231,18.3,952.004992,-8.771,106.512,2066.734976,-11.596299999999996,10.7393,23.84,-1867.300992,2139.398016,798.700032,-147.414,-17.215,193.698,-25.9017,-45.483,2139.398016,-18.081,35.875,-0.1039364294074578,92,-8.418,194.656,91.45,2082.263976,19.6,13.5823,-159.416,-225.386,-184.932,-25.9017,-37.498,-129.215,-39.484,2.967,3934.035968,-184.932,55.717,2.967,-0.0410550184232078,-108.934,-1.243,-25.9017,-0.2233081718491813,-26.852,1187.393024,17.33,91.45,-172.168992,798.700032,422.583008,-36.641,-216.990008,15.529,-96.670096,0.195,-160.964992,952.004992
-13.429,1895.145984,1146.396032,2014-03-31 00:00:00,4.501514285714285,79.338,503.472,17.179,15.325,18.882,168.536,18.882,947.369024,1.771,-237.46,-29.936,24.765,946.006016,-8.369,140.563008,2166.275072,-2.34,2.34,23.919,-1955.979008,2260.938048,949.139968,-101.096,-3.497,197.255992,3.505,19.731,2260.937984,0.0,4.812,-0.0714103885083944,90,-3.145,165.857,114.25,2181.600072,8.847,-1.948,-25.76,-1.196,-237.46,3.505,1.165,-141.719008,5.453,1.771,4122.25408,-237.46,95.741,1.771,-0.0270215800968727,140.523008,0.259,3.505,0.1343312174992726,-8.369,1314.932032,23.827,114.25,-237.46,949.139968,465.806008,1.165,8.281,15.325,-65.9792,0.251,-351.019008,946.006016
-14.728,1919.88496,1175.858048,2014-06-30 00:00:00,-0.2189743850893721,90.197,506.284992,17.433,16.564,23.679,179.667008,23.679,971.337984,3.813,-124.891,8.295,28.749,944.733984,-9.614,151.672992,2193.498112,-3.770000000000001,3.77,23.932,-2050.56704,2300.25904,975.150976,-55.668,-2.388,200.707,5.668,8.533,2300.259072,-0.256,7.089,-0.0373649791810206,91,2.143,171.175,144.2,2210.062112,10.974,-3.283,-19.637,2.042,-124.891,5.668,1.898,-15.337,8.951,3.813,4244.065024,-124.891,109.554,3.813,-0.0161590585349995,17.379,0.539,5.668,0.1561187637150324,-9.87,1355.525056,25.777,144.2,-124.891,975.150976,506.778,1.898,10.413,16.564,-36.8627,0.039,-306.248008,944.733984
9.377,1939.924,1197.811968,2014-09-30 00:00:00,-0.0185786435786436,86.157,509.062016,18.143,15.761,-0.09,184.912992,-0.09,993.865024,6.433,-140.011008,18.686,33.114,939.626016,-7.927,144.615008,2220.432896,-7.592,7.592,23.93,-2150.345984,2322.350976,1000.297984,-15.793,1.012,197.514008,5.689,14.699,2322.351104,-11.449,0.02,-0.0114290593419843,92,23.098,183.545,93.1,2236.193896,2.516,-3.598,-16.632,2.62,-140.011008,5.689,-1.903,-16.323,9.287,6.433,4370.779136,-140.011008,123.688,6.433,-0.004800140710557,18.943,0.421,5.689,-0.0006223420462694,-19.376,1382.72496,29.205,93.1,-140.011008,1000.297984,543.363008,-1.903,8.676992,15.761,-11.0397,24.289,-302.594008,939.626016
-15.058,1940.716992,1241.894016,2014-12-31 00:00:00,0.2284796486805188,61.217,503.863008,16.902,14.951,1.253,162.171008,1.253,1068.374016,2.071,-132.425,44.042,26.297,870.272,-6.469,127.463,2198.169088,-45.9389,45.9389,23.429,-2305.008128,2274.337024,1070.444992,-13.862,-1.055,171.449008,-9.1281,-36.777,2274.337024,-1.254,69.213,-0.014165025467215,92,-13.689,162.171,34.05,2213.120088,45.872,4.6769,-49.186,-4.362,-132.425,-9.1281,-55.067,-60.424,-13.805,2.071,4503.177216,-132.425,72.001,2.071,-0.0058482441211514,56.062,-1.087,-9.1281,0.0098303036959745,-7.723,1404.065024,18.407,34.05,-132.425,1070.444992,564.376,-55.067,9.576,14.951,-12.9063,0.214,-233.803008,870.272
-20.467,2185.279008,1523.367936,2015-03-31 00:00:00,-0.0506027806068071,265.275008,503.719008,15.311,26.23,-94.725,165.167008,-94.725,1164.756992,228.896,-141.027008,-69.883,13.222,791.626016,-7.966,66.522,2188.656128,-3.2619519999999937,3.26195,23.788,-2397.103104,2480.16096,1393.652992,-110.759,-18.006,129.715,-75.240048,24.251,2480.161024,-40.429,46.428,-0.0840352234022352,90,39.332,165.167,17.85,2214.886128,8.139,39.951952,-84.44200000000001,226.824992,-141.027008,-75.240048,-78.502,-80.169,-115.192,228.896,4585.759232,-141.027008,60.858,228.896,-0.030799250501541,306.993984,-4.6080000000000005,-75.240048,-1.4239650040588074,-48.395,1688.534944,13.222,17.85,-141.027008,1393.652992,490.273,-78.502,244.830992,26.23,-73.011148,0.287,-172.253,791.626016
-33.451,2037.688992,1436.276992,2015-06-30 00:00:00,1.2029893238434164,268.630016,505.416,14.935,24.821,-68.371,110.726,-68.371,1249.219968,130.214,-56.236,-161.933,111.421,658.255008,-7.176,77.312,1911.806976,-68.88959999999999,68.8896,23.864,-2459.919872,2205.258,1379.433984,-221.532,-0.538,56.843,-66.1784,-54.021,2205.257984,-23.04,130.463,-0.1807343016364269,91,-51.977,110.506,16.65,1936.627976,59.852,35.6436,-42.15,-98.682,-56.236,-66.1784,-135.068,-92.856,-101.822,130.214,4371.726848,-56.236,-36.62,130.214,-0.0643022970280816,-5.826,-5.604,-66.1784,-0.8843517177152318,-30.216,1547.002992,7.426,16.65,-56.236,1379.433984,415.912008,-135.068,-98.144,24.821,-144.857548,0.214,-249.772,658.255008
-31.357,1412.610016,1323.39904,2015-09-30 00:00:00,-2.618418712202064,191.851008,507.455008,15.106,22.473,-51.26,90.977,-51.26,1133.472,163.84,-35.633,-213.103,8.331,115.298016,-5.653,61.36,1315.350016,-493.025,493.024992,23.863,-3083.878912,1529.674056,1297.312,-313.436,1.817,26.087,-51.971,-13.498,1529.673984,-4.936,499.348992,-0.3839471693825248,92,-5.346,90.977,9.55,1337.823016,470.134992,30.646,22.488,33.626,-35.633,-51.971,-544.995968,-36.395,-82.617,163.84,4399.228928,67.041,-0.762,163.84,-0.1051486131961558,-32.653,-6.284,-51.971,-0.8353976531942633,-10.589,1414.37604,7.017,9.55,67.041,1297.312,332.657,-544.995968,33.752,22.473,-202.517548,0.664,-269.844,115.298016
15.498,1078.072,1271.388032,2015-12-31 00:00:00,-0.3432792507584751,156.238,509.441984,20.093,1.192,-35.577,95.72,-35.577,1115.324032,134.006,-31.503,-181.528,6.991,-171.258048,-2.746,47.228,1038.419968,0.0,274.074656,23.86,-3397.46688,1195.849984,1249.330048,-140.132992,-2.044,22.058,-14.46835,4.865,1195.849984,0.0,232.843008,0.0,92,9.836,95.72,9.35,1039.611968,225.901008,5.61065,-37.905,-29.834,-31.503,-14.46835,-288.543008,-24.893,-20.079,134.006,4435.887104,-31.503,6.61,134.006,-0.0428134575045933,-4.941,-5.7860000000000005,-14.46835,-0.7533031252646735,-2.746,1367.108032,5.545,9.35,-31.503,1249.330048,252.422,-288.543008,-29.733,1.192,-74.285352,47.37,-234.124,-171.258048
-28.707,990.363008,1233.105024,2016-03-31 00:00:00,1.3479570115777997,149.359008,517.057984,16.1,1.156,-26.712,72.25,-26.712,1121.259008,89.323,-14.185,-181.92,48.285,-220.219008,-5.575,36.163,934.620992,2.146300000000004,-2.1463,26.574,-2945.283072,1085.136016,1210.582016,-259.937,-0.327,22.523,-58.7233,-21.335,1085.136,0.047,-2.026,0.0,91,-17.048,72.25,3.8275,935.776992,3.75,-3.3043,-19.261,-44.683,-14.185,-58.7233,-56.577,-45.224,-55.419,89.323,3879.904,-13.317,-31.039,89.323,-0.1073352647546483,-0.327,-5.67,-58.7233,-0.7386555318972431,-5.528,1305.355024,4.639,3.8275,-13.317,1210.582016,222.063,-56.577,-44.356,1.156,-191.34105,1.237,-199.368,-220.219008
-28.592,937.923008,1167.672064,2016-06-30 00:00:00,-0.4763847774488625,130.755,525.158016,15.972,1.121,-19.317,86.821,-19.317,1077.778048,67.412,-19.469,-132.866,47.268,-207.267008,-5.663,40.715,915.350016,34.35185,-34.351848,6.253,-2949.17504,1047.226056,1145.190016,-206.024,-0.079,22.482,-29.49985,12.125,1047.225984,0.0,-50.451,0.0,91,8.169,86.821,4.2015625,916.471016,-49.215,18.40915,-37.497,-21.911,-19.469,-29.49985,4.852,-19.634,-47.909,67.412,3864.525056,-18.27,-0.165,67.412,-0.0951042351148646,-3.476,-3.23,-29.49985,-0.4744443079945965,-5.663,1254.493064,4.726,4.2015625,-18.27,1145.190016,185.466,4.852,-21.832,1.121,-154.6625,0.29,-126.146,-207.267008
-31.052,805.499008,1047.350976,2016-09-30 00:00:00,3.811733664442029,76.693,540.878016,16.152,1.076,-85.48,58.184,-85.48,998.937984,26.584,-7.488,-167.086,33.45,-220.022976,-4.188,50.33,807.742976,56.700152,-56.700152,6.692,-2986.614016,885.512,1025.521984,-239.939,-9.835,21.829,-85.176152,-28.215,885.512,-76.391,-4.384,0.0,92,-28.445,58.184,7.64,808.818976,-4.138,31.35585,-6.4430000000000005,-40.828,-7.488,-85.176152,-28.476,-31.002,-116.532,26.584,3794.356992,-7.488,-23.514,26.584,-0.1555719958997576,-9.826,-2.182,-85.176152,-1.6983906218954898,-80.579,1105.534976,4.008,7.64,-7.488,1025.521984,174.436,-28.476,-30.993,1.076,-187.867652,0.175,-120.753,-220.022976
-38.588,773.236992,1069.436032,2016-12-31 00:00:00,-2.320168746073064,90.172,544.564992,15.804,1.04,-3.032,91.707,-3.032,978.601984,65.904,-16.282,-142.340992,4.929,-271.268992,-8.537,48.498,798.662016,-6.413552000000003,6.41355,6.969,-3018.029056,889.87404,1044.505984,-270.212,-1.18,24.93,-48.519448,25.565,889.873984,0.0,30.526,0.0,92,21.813,85.677,9.85,799.702016,35.033,-6.89945,-11.141,39.32,-16.282,-48.519448,-54.933,14.708,-41.62,65.904,3816.690944,9.506,30.99,65.904,-0.2182403304481756,-1.176,-1.574,-48.519448,-0.0625180419811126,-8.537,1161.143032,4.929,9.85,9.506,1044.505984,175.706,-54.933,40.487,1.04,-227.594544,0.102,-81.152,-271.268992
-32.777,765.940992,1076.930944,2017-03-31 00:00:00,0.5721433038506211,57.719,553.348992,16.013,1.005,2.381,74.471,2.381,1020.916992,30.44,-38.401,-105.448,8.875,-285.416,-6.401,53.801,807.262016,5.135000000000002,-5.135,7.642,-3047.692032,865.985944,1051.356992,-236.457,-0.271,25.574,-28.066,-10.663,865.985984,0.0,7.32,0.0,90,-12.711,74.471,9.23,808.267016,8.944,2.33,-22.386,-35.464,-38.401,-28.066,-22.931,-35.194,-30.396,30.44,3854.953984,-38.401,3.207,30.44,-0.196052785595593,-0.27,-1.651,-28.066,0.0442556829798702,-6.401,1151.401944,7.55,9.23,-38.401,1051.356992,193.344,-22.931,-35.194,1.005,-191.26145,0.123,-71.122,-285.416
-36.69,764.932992,1096.519936,2017-06-30 00:00:00,-1.2953816354942194,75.383,554.899968,16.203,0.969,10.47,110.618,10.47,1034.918976,35.321,-47.428,-75.661,17.515,-305.307008,-6.559,61.471,825.478976,3.441749999999999,-3.44175,7.739,-3077.799936,901.830928,1070.24,-214.768,0.0,26.28,-24.88375,33.977,901.830976,0.0,15.015,0.0,91,26.368,110.618,7.07,826.447976,17.061,1.33625,-16.521,4.881,-47.428,-24.88375,-21.442,4.88,-26.22,35.321,3903.279104,-47.428,52.308,35.321,-0.1915237510554848,0.001,-1.64,-24.88375,0.1703242179238991,-6.559,1207.137936,12.286,7.07,-47.428,1070.24,214.1,-21.442,4.88,0.969,-186.64535,0.065,-46.608,-305.307008
-33.969,761.275072,1115.824,2017-09-30 00:00:00,-0.1213054187192118,65.485,556.499008,16.098,0.934,12.226,112.227,12.226,1064.326976,25.392,-46.664,22.045,15.4,-328.443968,-6.174,66.811,833.187968,-1.9903000000000013,1.9903,7.714,-3087.279104,899.607032,1089.71904,-119.979,-0.041,26.105,-22.7457,5.343,899.606976,0.0,22.6,0.0,92,3.048,112.227,6.08,834.121968,24.153,-1.0027,-12.992,-9.929,-46.664,-22.7457,-24.736,-11.416,-21.743,25.392,3920.466944,-45.136,35.248,25.392,-0.1391670803683171,-0.041,-1.273,-22.7457,0.1829938183832003,-6.174,1228.051,12.197,6.08,-45.136,1089.71904,230.581,-24.736,-9.888,0.934,-124.214898,3.626,-27.022,-328.443968
-35.014,741.257024,1131.202048,2017-12-31 00:00:00,-13.379357956506729,302.504992,557.966976,10.407,19.985,19.766,168.488992,19.766,1049.273984,61.255,-47.988,44.867,214.550008,-369.272,-7.003,73.248,607.929024,-10.71875,10.71875,7.714,-2042.738944,930.41904,1110.529024,-91.647,0.0,20.673,-31.57725,50.435,930.419008,0.0,66.72,0.0,92,46.259,168.489,8.46,627.914024,49.34,-16.32925,-2.897,35.863,-47.988,-31.57725,-42.296,35.863,-15.248,61.255,2650.668032,-47.988,83.851,61.255,-0.1164633435011323,0.0,-0.87,-31.57725,0.269850371341197,-7.003,1299.69104,14.617,8.46,-47.988,1110.529024,255.331008,-42.296,35.863,19.985,-105.998704,4.185,-5.867,-369.272
-38.784,721.472064,1152.729984,2018-03-31 00:00:00,0.0,208.728,559.203008,10.489,19.635,23.478,167.686,23.478,1080.406016,50.988,-46.458,65.94,131.598,-409.921984,-6.016,72.593,682.131008,-20.538419999999995,20.53842,8.079,-2069.75104,910.494,1131.394048,-78.517,-0.365,21.336,-21.34758,-15.641,910.494016,0.0,48.303,0.0,90,-14.186,152.686,7.31,701.766008,50.476,-6.04158,0.0,-10.267,-46.458,-21.34758,-41.886,-24.902,-15.306,50.988,2751.881984,-46.458,21.556,50.988,-0.1132062055300369,14.635,-0.602,-21.34758,0.323419613461353,-6.016,1320.415984,13.822,7.31,-46.458,1131.394048,274.123,-41.886,-9.902,19.635,-100.55428,0.066,4.425,-409.921984
-39.886,710.912,1174.68096,2018-06-30 00:00:00,0.0,202.148992,560.707008,10.622,20.494,14.237,189.072992,14.237,994.955008,158.378,-44.097,69.707,22.253,-442.420992,-6.956,61.449,698.689984,-6.69604,6.69604,8.131,-2096.409984,921.33296,1153.332992,-77.946,-0.409,21.348,-27.30696,41.493,921.332992,0.0,31.964,0.0,91,39.321,188.843008,10.51,719.183984,33.326,-1.65796,0.0,107.39,-44.097,-27.30696,-34.003,21.345,-25.649,158.378,2795.099904,59.496,65.442,158.378,-0.1129656923978875,-15.409,-0.782,-27.30696,0.2316880665267132,-6.956,1363.753952,22.253,10.51,57.357,1153.332992,274.101,-34.003,109.938,20.494,-102.97749,0.327,20.89,-442.420992
-36.138,1763.955032,1393.147008,2018-09-30 00:00:00,0.0,131.472,507.288,4.738,19.635,42.711,180.118,42.711,1211.064064,31.78,-118.568,100.192,38.689,521.111,-6.347,102.711,1593.602048,-4.0053,4.0053,52.94,-174.52,2094.376008,1242.844032,-49.63,7.66,150.302992,0.9633,-5.345,2094.375936,0.0,14.523,0.0,92,-46.678,177.269,8.38,1962.904064,20.164,-5.6097,0.0,-126.598,-118.568,0.9633,-3.042,-116.222,6.573,31.78,1768.121984,-104.829,2.346,31.78,-0.052951865344514,-17.794,0.073,0.9633,0.4158366679323538,-6.347,1573.265008,38.689,8.38,-111.15,1242.844032,310.001,-3.042,-127.936952,19.635,-79.26849,0.847,-83.916,521.111
-34.397,1813.934,1411.416064,2018-12-31 00:00:00,0.0,159.427008,505.448992,5.136,10.22,81.393,206.852992,81.393,1221.170048,23.193,-110.769,162.136,48.623,569.570992,-8.096,153.498,1667.979008,14.462528,-14.46253,52.936,-210.556,2187.840048,1244.363008,12.577,-36.428,167.052992,35.836472,19.298,2187.84,0.0,-16.725,0.0,92,3.134,206.853008,4.53,2028.412992,9.136,-11.15953,0.0,-8.587,-110.769,35.836472,50.299,-12.076,46.996,23.193,1878.53504,-110.712,98.693,23.193,-0.0076222019848326,4.308,0.321,35.836472,0.5302544658562327,-8.096,1618.269056,23.004,4.53,-111.588,1244.363008,390.251008,50.299,28.717,10.22,-11.884,-5.639,-131.855,569.570992
-30.027,1854.413984,1440.007936,2019-03-31 00:00:00,0.0,134.123,506.096992,5.243,10.22,53.223,198.086,53.223,1241.296,29.324,-94.939,191.564,28.027,583.793992,-7.814,126.881,1727.330944,-4.25573,4.25573,52.934,-248.016992,2221.887928,1270.619992,51.116,-0.09,171.395,17.83073,-6.851,2221.888,0.0,14.618,0.0,90,3.932,196.079,6.93,2087.764928,19.618,-5.36527,0.0,6.131,-94.939,17.83073,13.575,-20.224,23.196,29.324,1975.347968,-94.939,74.715,29.324,0.0174458554929974,19.91,0.278,17.83073,0.4194717885262569,-7.814,1638.093936,15.453,6.93,-88.494,1268.612992,444.539,13.575,-0.224,10.22,27.323542,-2.176,-127.177,583.793992
-29.856,1877.594984,1448.446976,2019-06-30 00:00:00,0.0,151.440992,506.72,5.456,11.415,43.647,228.624992,43.647,1225.024,46.747,-82.85,220.974,41.904,605.824,-6.841,128.116,1769.826048,11.62722,-11.62722,52.971,-294.767008,2282.895968,1271.770984,90.556,-0.08,178.708992,9.77978,23.553,2282.895872,0.0,-11.148,0.0,91,33.504,226.592,5.57,2131.45504,-3.447,-4.01122,0.0,17.423,-82.85,9.77978,21.407,15.461,13.791,46.747,2064.593024,-82.46,98.311,46.747,0.0402032967892271,-0.08,0.196,9.77978,0.3406834431296637,-6.841,1677.071968,17.402,5.57,-80.808,1269.737984,511.206,21.407,15.851,10.546,64.410282,-1.288,-133.061,605.824
-45.16,3957.181024,2717.650944,2019-09-30 00:00:00,0.0,268.398,972.430976,19.447,27.095,76.36,389.46,76.36,2458.739968,53.243,-130.953,254.623,117.405,1445.197976,-8.105,224.444,3920.91904,-8.11598,16.24398,92.762,-374.838016,4552.30892,2511.983048,115.183,-8.166,207.665,23.03498,-16.989,4552.309248,-0.241,7.198,0.0984773707453781,92,10.681,387.463008,7.79,4283.91104,12.061,-8.16502,0.0,6.496,-130.953,14.90698,6.791,-21.173,31.2,53.243,4295.7568,-130.953,109.78,53.243,0.0260225840718861,720.316032,0.128,14.90698,0.3402184954821693,-8.346,3107.110944,50.019,7.79,-823.6,2509.986048,632.939,6.791,607.308984,5.112,86.481962,5.855,-38.012,1445.197976
-54.313,4026.246096,2742.140928,2019-12-31 00:00:00,-0.3594666666666666,289.684992,1004.425984,24.502,19.228,101.681,392.376,101.681,2485.108992,18.532,-178.039008,274.911008,151.042,1522.604992,-6.484,289.248,4012.312064,30.37772,-16.09072,95.003,-486.472992,4657.12192,2503.641104,119.515,-0.501,240.494,39.02528,25.595,4657.121792,0.0,6.58,0.0821960255429659,92,-19.589,390.16,8.23,4367.437056,21.062,-8.34272,-15.0,-34.711,-178.039008,24.73828,55.116,-9.608,47.368,18.532,4498.784768,-177.954008,168.431008,18.532,0.027114590503181,-25.205,0.204,24.73828,0.3515357063834495,-6.484,3134.516928,70.629,8.23,-177.936992,2501.647104,768.689024,55.116,-34.226992,5.34,92.799168,-0.206,-35.544,1522.604992
-7.081,4067.587912,2759.645952,2020-03-31 00:00:00,-0.6100588235294118,267.836992,1005.841024,23.207,7.066,44.017,327.619008,44.017,2495.585024,15.527,-143.49,265.705,168.716,1556.476032,-8.719,225.878,4032.941056,25.09357,-13.02157,94.99,-596.590976,4643.740992,2511.11188,129.295,-0.062,250.691,29.00643,-60.134,4643.741184,-0.027,-9.257,0.0754862473628914,91,-5.837,322.419,5.39,4375.904064,3.503,-7.92957,17.0,-3.005,-143.49,16.93443,42.028,6.629,36.936,15.527,4629.53216,-143.49,150.119008,15.527,0.0293771968445419,-9.634,0.072,16.93443,0.1948706824037755,-8.746,3087.26496,56.677,5.39,-143.49,2508.95488,867.686,42.028,-2.942992,0.231,100.84647,45.729,-8.691,1556.476032
13.512,3998.296,2749.950976,2020-06-30 00:00:00,-0.3438974358974359,187.61,1208.952064,21.863,5.276,3.911,290.966016,3.911,2494.200064,11.595,-90.384,225.969,100.646,1492.501064,-8.298,179.535008,4004.63488,-52.08176,62.20776,116.29,-699.584,4533.418056,2505.794936,132.927,-18.921,246.487,12.33176,-30.363,4533.417984,0.0,73.973,0.0611289803271653,91,-1.488,276.870008,4.38,4345.807872,63.989,-5.09124,39.0,-3.932,-90.384,2.20576,-49.876,25.588,17.423,11.595,4704.219136,-90.384,115.972,11.595,0.0303385237782102,-29.52,0.001,2.20576,0.0217840522779824,-8.298,3040.916992,35.002,4.38,-90.384,2503.463936,919.105008,-49.876,-191.621008,0.231,103.39845,65.576,1.436,1492.501064
-150.958,3873.902952,2759.392,2020-09-30 00:00:00,0.2021256223669091,149.83,1210.020992,20.564,1.225,12.349,380.782016,12.349,2482.955008,28.268,-98.754,161.958,33.597,1362.679992,-8.974,178.011008,4015.901952,12.975536000000004,-8.577535,116.21,-798.288,4502.854008,2511.22296,-36.881992,-5.837,250.487,-135.069536,34.485,4502.854144,0.0,165.09,-0.0846715963880648,92,30.695,314.869,4.38,4353.023936,120.605,3.53946475,20.888,16.673,-98.754,-139.467536,-126.492,25.11,-138.608992,28.268,4814.19008,-98.471,123.864,28.268,-0.0120828445897136,-8.72,0.002,-139.467536,0.0693721143357606,-8.974,3140.174016,24.767,4.38,-98.471,2508.90496,872.672016,-126.492,-729.005,0.04,-54.706066,-87.068,47.719,1362.679992
-64.007,3961.94604,2740.617984,2020-12-31 00:00:00,-1.3775652173913042,199.81,1211.590016,19.782,0.7010000000000001,102.738,441.592,102.738,2489.901056,30.272,-177.062,163.042,44.522,1441.773016,-6.049,274.771008,4087.57504,50.696168,-46.296168,116.206,-902.260992,4623.983,2520.173024,63.789,-0.489,222.729008,35.626832,75.954,4623.983104,0.0,-70.352,0.0212966297963104,92,31.127,392.303,4.37,4424.173056,-31.588,-3.1041675,-23.0,2.004,-177.062,31.226832,81.923,8.684,38.731,30.272,4989.835776,-177.058,185.746,30.272,0.0122089463775843,-4.889,0.09,31.226832,0.3739040765174177,-6.049,3182.209984,35.609,4.37,-178.852992,2517.889024,858.195008,81.923,4.288,0.04,56.656256,2.058,66.011,1441.773016
-72.207,4112.684032,2996.57088,2021-03-31 00:00:00,-10.173663999999992,244.043008,1213.250048,20.394,3.561,159.656,433.584,159.656,2730.255872,77.435,-165.751008,278.654,40.105,1304.993048,-8.028,340.484992,4151.646976,0.0,197.822208,116.206,-1011.065024,4735.147928,2807.690984,4.994008,-20.092,191.024992,63.697204,-6.269,4735.148032,0.0,260.03,-0.0404903852123116,90,-13.301,370.619,5.54,4491.10496,231.57,-23.751796,-3.0,47.163,-165.751008,59.382204,-134.125,27.52099199999998,87.449,77.435,5162.712064,-165.551008,193.272,77.435,-0.0049928599135294,19.442,0.14,59.382204,0.4689075987231766,-8.028,3430.15488,35.478,5.54,-165.551008,2805.545984,972.802016,-134.125,67.25499999999994,0.037,-23.41374,-8.396,86.903,1304.993048
-56.35,3976.583088,2986.31296,2021-06-30 00:00:00,-0.311321142857143,224.878,1214.724992,20.928,0.867,146.487008,655.524992,146.487008,2834.44608,19.727,-173.028,421.230008,60.793,1122.409984,-7.872,343.692992,4202.60608,0.0,256.405104,116.425,-1132.190976,4764.247936,2854.173104,77.708008,-15.466,134.33,76.710104,29.091,4764.248064,0.0,323.959008,0.0207413075790934,91,-4.067,398.208016,6.67,4539.37008,254.627008,-13.426894,28.0,-57.708,-173.028,72.347104,-179.695008,19.283007999999995,90.137,19.727,5334.7968,-173.017,192.311008,19.727,0.0088118036910589,-77.002,0.174,72.347104,0.4262147073397411,-7.872,3641.837952,50.028,6.67,-173.016992,2851.983104,1136.96,-179.695008,-42.0439999999999,0.037,40.964604,0.53,80.598,1122.409984
