Non-Operating Income (Loss),StockBased Compensation,Line of Credit Available,Equity Charge,WACC Discount Factor,Other Accrued Liabilities,Operating Leases,Line of Credit,Total Current Liabilities,BALANCE SHEET,Total Liabilities & Equity,Operating Income,NonCash Items,Days in Period,Net Share Repurchases,"Cash, Cash Equivalents & STI",Misc LT Assets,Rental Expense - Years 2 - 5,"Selling, General & Admin",Revenue,ST Debt,-Net Share Repurchases,LTM Basic EPS,Rental Expense - Year 1,ST Capital Leases,Rental Expense Beyond Year 5,Dep & Amort,Work In Process,Total Liabilities / Tangible Assets,Current Liabilities,Other Adjustments,Free Cash Flow (LTM),Deferred Compensation,Other Operating Expenses,Free Cash Flow to Firm,ST Deferred Tax Assets,Cash (Repurchase) of Equity,Free Cash Flow to Equity,Deferred Tax Liabilities,Repayments of LT Debt,Other PostRet Benefits,Effect of Foreign Exchanges,Income (Loss) from Cont Ops,year + weight + convention,Free Cash Flow to Firm Model,Dividends,Net Extraordinary Losses (Gains),Net Cash From Disc Ops (fin),Period Weight,Pretax Income,LT Marketable Securities,ST Borrowings,Dividend Yield (LTM),Free Cash Flow per Share,LT Receivables,Prepaid Expenses,Cash % of Revenue,Diluted - Basic Shares,Diluted EPS,Operating Margin,Operating Expenses,Line of Credit Used,Interest & Dividends Payable,PP&E Gross,EBITDAR,A = L + SE,Inventories,Discontinued Operations NI,PV of Free Cash Flow to Firm,Pensions,Raw Materials,Other Non-Op Income (Loss),Bull,Discounted Residual Income (Bear)
-65.0,26032.000256,9566.999552,2011-03-31 00:00:00,-1.209689349112426,5599.000064,5071.000064,2411.000064,1719.0,893.0,5753.999872,893.0,3856.0,2947.000064,-1827.000064,3796.0,1383.0,19229.000192,-130,2416.999936,21080.999936,52.0,162.0,43,-45063.999488,34549.999616,6803.000064,3514.0,0,5767.000128,551.0,-171,34550.001664,0.0,235.0,0.1096617289409684,90,-171,1352.999936,91.77,28951.000064,515.0,-277.0,2704.0,-1574.0,-1827.000064,555.0,416.0,-567.0,828.0,2947.000064,66145.001472,-1822.000064,1260.0,1311.000064,0.0608337021033107,520.0,1.302,555.0,0.0,-130.0,15320.999424,555,91.77,-3374.000128,3800.0,9765.999872,389.0,634.999872,1688.0,1984.0,16.0,-1813.0,19229.000192
-138.0,29358.000256,12625.000448,2011-06-30 00:00:00,-1.12090236164963,8910.999552,4530.999808,2231.000064,1023.0,1131.000064,4483.999744,1131.000064,1212.0,6718.000128,-1892.999936,3941.000064,747.0,21428.000256,-135,2868.0,22427.000832,2138.150016,492.849984,42,-45643.001856,38537.000448,7930.0,3591.0,0,6657.00032,676.849984,82,38536.998912,0.0,-2968.999936,0.1254561133372989,91,82,1364.999936,78.81,29626.000896,-1810.999936,-316.150016,2837.0,1635.000064,-1892.999936,674.849984,2743.000064,-343.0,993.0,6718.000128,68069.998592,-1892.999936,1550.0,3351.000064,0.0700020449209386,498.0,1.536,674.849984,0.0,-135.0,17109.000192,393,78.81,-425.0,5968.0,10190.999808,184.0,800.000128,909.0,2397.849984,-53.0,-1579.0,21428.000256
-102.0,30358.999808,12732.99968,2011-09-30 00:00:00,-0.5556818181818182,9607.000064,3868.0,1935.000064,1138.0,1050.0,6031.000064,1050.0,2408.0,6848.999936,-1795.000064,4059.000064,1328.0,21101.999872,-138,2875.000064,23170.000896,-227.449984,-383.550016,41,-44999.999488,39865.999616,9256.999936,3682.0,0,6764.0,656.449984,-219,39865.99936,0.0,-734.0,0.1269457157706685,92,-219,1512.0,55.44,30259.000832,12.0,-291.550016,-880.0,2267.000064,-1795.000064,656.449984,1038.0,-391.0,948.0,6848.999936,68169.998336,-1787.000064,1404.0,5617.999872,0.070300715867796,555.0,1.45,656.449984,0.0,-138.0,18763.999744,601,55.44,350.0,5968.999936,10672.999936,1040.0,933.999872,923.0,2521.299968,2.0,-1742.0,21101.999872
-156.0,31210.000896,12949.000192,2011-12-31 00:00:00,-0.9745762711864406,9304.999936,3547.000064,1995.000064,1025.0,1034.0,6737.999872,1034.0,2721.999872,7057.999872,-2019.000064,4140.999936,868.0,21430.000896,-182,2840.999936,24774.00064,0.0,54.6,40,-46001.999872,41117.00096,9780.0,3711.000064,0,6979.999872,575.6,493,41116.99968,0.0,278.0,0.0863726848567342,92,493,1471.000064,62.0,31812.000768,393.0,-302.4,-354.0,-63.0,-2019.000064,575.6,507.0,-9.0,878.0,7057.999872,70775.996416,-1903.000064,2010.0,5554.999808,0.0474569177766062,118.0,1.485,575.6,0.0,-182.0,19687.000064,206,62.0,-2196.999936,5968.999936,10965.000192,521.0,636.999936,870.0,1756.950016,-74.0,-1310.0,21430.000896
-97.0,32795.001088,14387.00032,2012-03-31 00:00:00,-10.169638308711155,9077.999616,3604.0,2656.999936,899.0,721.0,6262.000128,721.0,3728.999936,7109.999744,-2088.0,3936.000064,861.0,21956.001024,-168,2510.000128,26560.999424,123.0,8.0,40,-46947.999744,42605.001472,10839.000064,3443.0,0,7668.000192,422.0,-321,42604.998656,0.0,69.0,0.1132888138458371,91,-321,1079.000064,71.12,33526.999552,248.0,-202.0,115.817,273.0,-2088.0,426.0,393.0,-1062.0,624.0,7109.999744,73509.003264,-2088.0,1026.0,5827.999744,0.0604212289114795,1048.0,1.432,426.0,0.2872509813672806,-168.0,20649.000448,246,71.12,-1810.0,6719.000064,11094.000128,414.0,45.0,828.0,2330.899968,-10.0,-1805.0,21956.001024
-143.0,32828.000256,16284.000256,2012-06-30 00:00:00,17.365853658536587,9217.000448,3644.0,2713.999872,1005.0,479.0,4960.999936,479.0,3558.000128,7045.000192,-2179.000064,3284.0,1167.0,22225.000192,-176,2160.999936,27241.00096,99.0,-259.0,40,-47331.00032,43470.000384,10603.000064,2786.0,0,7828.999872,218.0,343,43470.000128,0.0,-304.0,0.0856779586652985,91,343,1510.0,57.99,34253.000704,-78.0,-118.0,-41.0,273.0,-2179.000064,212.0,477.0,-753.0,336.0,7045.000192,74571.997184,-1315.000064,1426.0,6101.000192,0.0456558587904645,-220.0,0.8200000000000001,212.0,0.2216566470088039,-176.0,21245.000192,380,57.99,-962.0,8455.000064,10387.000064,477.0,-29.000192,787.0,1872.049984,-44.0,-2215.0,22225.000192
-102.0,33016.001024,16270.999552,2012-09-30 00:00:00,1.5521380536544491,9432.999936,3684.999936,2844.999936,855.0,607.0,5496.0,607.0,3732.999936,7501.999872,-1960.999936,2841.0,818.0,21781.00096,-150,2403.000064,27146.000384,-753.0,1068.0,41,-49669.001216,43548.000512,11235.000064,2343.0,0,7815.999936,349.0,-304,43548.000256,0.0,1739.000064,0.0728307240492698,92,26,1484.999936,60.5,34115.00032,1338.000064,-156.0,-235.097,-763.0,-1960.999936,348.0,-719.0,-600.0,505.0,7501.999872,76814.999552,-1427.999936,1360.999936,5337.999872,0.037514086537097,527.0,0.687,348.0,0.2526009087946491,-150.0,21766.999552,428,60.5,-2644.0,8455.000064,9915.000064,-719.0,533.0,780.0,1564.6,8.0,-2424.0,21781.00096
-102.0,32922.00064,16044.99968,2012-12-31 00:00:00,0.164879563183804,8970.999808,3728.999936,2623.000064,960.0,595.0,6002.999808,595.0,4664.0,6980.000256,-1996.999936,2336.0,868.0,21278.00064,-198,2604.0,27316.000768,-761.6,653.6,41,-51031.998464,43326.000128,11644.0,2019.000064,0,7590.000256,296.6,304,43326.001152,-39.0,1055.0,0.0597358787170012,92,-98,1451.000064,52.04,34355.000832,867.0,-196.4,-733.123,-701.0,-1996.999936,296.6,-357.0,-854.0,493.0,6980.000256,78348.00128,-1925.999936,1143.000064,4637.000192,0.0302831477660009,274.0,0.75,296.6,0.2284946236559139,-237.0,22047.999488,343,52.04,-2110.0,8455.000064,9678.000128,-357.0,-428.999872,876.0,1278.599936,8.0,-3268.999936,21278.00064
-105.0,31860.0,15073.999872,2013-03-31 00:00:00,0.2078431372549019,8402.999808,3758.000128,2852.999936,780.0,500.0,6800.0,500.0,5650.999808,6500.999808,-1926.0,2181.0,533.0,19708.000256,-150,2376.999936,26382.000128,-1780.0,1600.999936,41,-53267.001344,41582.000128,12151.999744,1729.0,0,7118.999808,262.0,-119,41581.99808,-22.0,2417.999872,0.0536962349094858,90,-158,1408.999936,56.42,33179.00032,1794.999872,-133.0,-765.0,638.0,-1926.0,262.0,-1339.000064,-924.0,395.0,6500.999808,79648.997376,-1897.0,1002.0,5274.999808,0.0267404716557295,430.0,0.551,262.0,0.210349185301787,-172.0,21873.999872,428,56.42,-782.0,7954.999808,9544.999936,-1339.000064,-387.0,717.0,1125.6,-2.0,-3131.0,19708.000256
-103.0,30215.999232,15089.000448,2013-06-30 00:00:00,-0.1524173263742335,6357.000192,3788.0,2868.0,821.0,797.0,4864.999936,797.0,5918.000128,4232.000064,-1643.000064,2499.0,587.0,20065.999616,-167,2736.0,26925.000704,-69.64998400000002,-191.35,41,-53353.00096,40020.0,10149.999616,2087.0,2,7133.0,491.649984,30,40020.000768,-32.0,-173.0,0.0658887229115091,91,30,1196.999936,51.88,33663.000576,9.0,-202.35,-291.41700000000003,-1912.0,-1643.000064,486.649984,683.0,-247.0,694.0,4232.000064,80278.003712,-1638.000064,1396.0,3363.000064,0.0335189835664988,-2088.999936,0.951,486.649984,0.2913011695906433,-199.0,19954.000384,256,51.88,-1196.999936,7955.999744,10120.0,683.0,-2245.000128,712.0,1399.249984,0.0,-2625.0,20065.999616
-94.0,30680.0,15452.000256,2013-09-30 00:00:00,-0.7505053539514351,6314.999808,3817.999872,2940.0,615.0,889.0,4782.000128,889.0,5747.999744,4320.0,-1650.0,2781.0,475.0,20612.000256,-143,2848.0,27961.99936,81.84998399999995,98.15,41,-54415.998976,40846.00064,10067.999744,2377.0,5,7495.999936,527.150016,24,40846.000128,-27.0,197.0,0.0739933458359656,92,24,1268.999936,57.76,34530.999296,457.0,-267.85,-196.397,957.0,-1650.0,523.150016,429.0,-49.0,795.0,4320.0,82377.998336,-1368.0,1600.999936,4320.0,0.0373818042235868,-171.0,1.19,523.150016,0.3121488764044944,-170.0,20234.000384,251,57.76,-498.0,7955.999744,10564.999936,429.0,150.999936,557.0,1577.4,6.0,-2074.0,20612.000256
-116.0,32520.999168,15722.999808,2013-12-31 00:00:00,0.0515463917525773,8005.000192,3820.999936,2705.999872,567.0,808.0,6655.000064,808.0,5955.999744,6065.999872,-1539.000064,2983.000064,508.0,20498.999552,-157,2820.999936,28447.000576,0.0,141.05,41,-54534.00064,42876.999424,12021.999616,2564.999936,0,7766.999808,348.049984,-194,42877.001728,-28.0,435.0,0.0742226580594405,92,-194,1228.999936,61.87,34872.000512,713.0,-343.950016,-97.0,1746.0,-1539.000064,348.049984,207.0,-102.0,692.0,6065.999872,82981.003264,-1436.000064,1436.999936,6065.999872,0.0359709046831756,1850.0,1.081,348.049984,0.2864232606632714,-185.0,22377.999872,344,61.87,-1522.0,7955.999744,10782.999552,207.0,1938.999808,492.0,1550.4,-5.0,-1322.0,20498.999552
-30.0,40557.999616,20138.999808,2014-03-31 00:00:00,3.5032427002940234,5020.000256,3876.999936,3078.000128,1161.0,934.0,7580.000256,934.0,13484.99968,2027.000064,-7518.000128,3426.0,413.0,25045.999872,-211,3944.999936,37428.998144,-516.0,226.0,41,-54592.0,52764.999936,15511.999744,3087.0,-104,8400.000064,550.0,283,52764.99968,-21.0,291.0,0.0949778622914987,90,-152,1580.999936,66.93,47744.9984,499.0,-349.0,-1356.356,-4039.000064,-7518.000128,550.0,324.0,-6108.000256,904.0,2027.000064,92020.998144,-7376.000128,1410.0,2027.000064,0.0406616015674264,1844.0,1.266,550.0,0.236755390406171,-232.0,27719.000064,411,66.93,-7281.999872,11738.999808,12349.999872,329.0,-3940.000192,1122.0,1918.150016,82.0,-6506.000256,25045.999872
-220.0,38413.999296,20376.999936,2014-06-30 00:00:00,-1.1176470588235294,4392.0,3984.0,2412.0,1315.999936,1106.0,4679.000064,1106.0,10648.999936,1706.0,-2047.000064,3735.0,385.0,26058.999808,-189,4800.999936,36999.000064,338.0,-33.0,41,-51183.0016,51114.999808,12354.999488,3279.0,-28,8497.000064,642.0,622,51114.999808,60.0,-645.0,0.0990130022796017,91,622,1528.999936,79.4,46723.00032,-76.0,-219.0,-17.0,-321.0,-2047.000064,634.0,675.0,2.0,886.0,1706.0,88181.997568,752.999936,2048.999936,1706.0,0.0453941958397206,-3193.999872,1.397,634.0,0.2303686762640273,-129.0,25056.0,378,79.4,800.0,11879.999488,14414.999808,700.0,-356.000128,1304.999936,2068.500032,-89.0,-6257.000256,26058.999808
-120.0,38826.99968,18076.99968,2014-09-30 00:00:00,-1.4805606540964458,5973.000192,4044.999936,2222.000128,1386.999936,1032.0,5993.999872,1032.0,8650.999808,3408.0,-1703.000064,3878.0,556.0,26767.999232,-195,4592.0,35169.001472,198.0,-464.0,41,-51410.00192,50838.998784,12059.000448,3396.0,-59,7916.0,552.0,296,50838.99904,-18.0,-618.0,0.0969594297850618,92,296,1995.0,68.18,44866.00192,-595.0,-335.0,299.65000000000003,1702.0,-1703.000064,541.0,1016.0,-144.0,912.0,3408.0,86579.003392,556.999936,1559.000064,3408.0,0.0456639588808683,-389.0,1.23,541.0,0.2247386759581881,-213.0,24070.999552,312,68.18,560.0,10161.000448,16158.999808,1041.0,1823.0,1320.999936,2093.350016,-4.0,-6352.000256,26767.999232
-1842.0,37603.00032,18360.999936,2014-12-31 00:00:00,3.679855884892086,6497.999872,4128.999936,1998.0,1540.000064,736.0,5935.000064,736.0,9781.999616,1480.0,-2264.0,3691.000064,3058.999936,26341.000704,-252,4294.000128,36295.999488,152.300032,-369.3,41,-51889.000448,50637.000704,11261.999616,1272.0,-46,8530.999744,-777.299968,-919,50637.000704,3.0,86.0,0.0324801382446269,92,-716,1400.0,61.21,44138.999296,1177.000064,357.7,-278.0,-1928.0,-2182.000128,-774.300032,-408.0,-1300.999936,-1106.0,1480.0,88185.004032,-2182.000128,963.0,1480.0,0.0150501518424838,-615.0,1.049,-774.300032,0.1714019511086516,-249.0,24296.0,544,61.21,-2262.000128,9829.999616,17632.0,-379.0,-2110.0,1507.000064,703.699968,-1675.000064,-967.0,26341.000704
-134.0,34767.999488,16762.999808,2015-03-31 00:00:00,-0.8317073170731707,5806.000128,4583.000064,2286.000128,1753.0,264.0,5560.0,264.0,9891.00032,1858.0,-1716.999936,3138.0,2285.0,23018.999808,-251,3564.0,31455.000576,-3989.0,3688.0,41,-57261.99808,45341.999616,11748.99968,2523.0,504,6462.000192,89.0,-174,45341.999104,-19.0,6149.000192,0.0847470847202383,90,215,1335.000064,60.31,39536.000512,4102.000128,-31.0,-410.0,378.0,-1716.999936,92.0,-3599.000064,-69.0,130.0,1858.0,88717.000704,-1714.999936,1648.0,1858.0,0.0335144285397937,892.0,0.248,92.0,0.074074074074074,-270.0,22322.999808,579,60.31,-2116.0,10300.99968,17251.000064,-3588.999936,418.000064,1742.0,1644.0,-17.0,-1430.000064,23018.999808
-116.0,32195.999616,16456.999936,2015-06-30 00:00:00,3.711743772241993,4729.999872,4776.999936,2166.000128,1703.000064,566.0,3998.000128,566.0,10320.0,1724.999936,-1432.0,2598.0,1403.0,20151.000064,-212,4155.000064,27824.001024,-3087.350016,3135.350016,41,-62406.00064,40606.000128,12044.999552,2087.0,20,5082.000064,319.350016,-189,40605.999104,-22.0,4885.000192,0.0714922427066749,91,-189,1035.0,59.49,35876.000768,3292.000256,-107.65,-70.25,-133.0,-1432.0,318.350016,-2816.0,-331.0,450.0,1724.999936,90229.997568,-1426.0,1100.999936,1724.999936,0.0288123773546719,210.0,0.43,318.350016,0.1362214178776965,-234.0,20455.000064,470,59.49,-1447.000064,11374.999552,16605.000192,-2792.999936,-43.000064,1695.000064,1321.350016,9.0,-1763.000064,20151.000064
76.0,27821.999872,14928.0,2015-09-30 00:00:00,-20.45945945945946,4297.999872,4814.000128,2160.0,900.0,610.0,3500.999936,610.0,10113.000448,1787.000064,-1192.999936,2176.0,1193.0,15922.000384,-198,3804.0,22774.99904,-4160.950016,3954.949888,41,-67415.998464,34351.00032,11899.999488,1861.0,-66,3527.999936,447.950016,-173,34350.999552,-14.0,5957.000192,0.0724291335868733,92,67,940.0,37.09,30052.999168,4249.000192,-640.049984,-18.5,62.0,-1192.999936,446.950016,-3507.000064,360.0,686.0,1787.000064,90191.003648,-1165.999936,1552.999936,1787.000064,0.0285784728752023,-300.0,0.521,446.950016,0.1603575184016824,-212.0,18428.999936,495,37.09,-1168.999936,11399.999488,15817.000192,-3908.999936,243.0,895.0,1217.300032,221.0,-1259.000064,15922.000384
1436.0,24021.000704,15166.999552,2015-12-31 00:00:00,-160.33333333333334,4020.999936,5038.000128,1938.0,640.0,-2540.0,3295.000064,-2540.0,10721.999872,2310.000128,-1552.0,-1100.0,753.0,10989.000192,-532,1622.0,19068.000256,-3700.699968,2228.699904,42,-72086.003712,29450.999808,13032.000512,162.0,-760,3111.0,-745.299968,-670,29450.999808,-75.0,3022.000128,0.0074156986290165,92,-358,906.0,32.0,25430.000128,2438.000128,-21.3,6.0,523.0,-1552.0,-746.300032,-2974.000128,-956.0,-1104.0,2310.000128,91153.997824,-1480.0,596.0,2310.000128,0.0027719508363395,1010.0,0.707,-746.300032,-1.56596794081381,-607.0,18461.999616,571,32.0,-1071.0,12056.000512,13144.999936,-3353.999872,326.0,636.0,111.0,1568.0,-996.0,10989.000192
-185.0,23053.000064,15528.999936,2016-03-31 00:00:00,5.134850344062152,2950.000128,7552.999936,2505.999872,567.0,-220.0,2600.0,-220.0,10910.000128,1635.000064,-2376.0,1583.0,292.0,10507.999744,-194,2112.0,19264.0,-2931.45,2958.44992,52,-75522.998272,28636.99968,12545.00032,1874.000064,-89,3333.999872,-97.55,189,28636.99968,-8.0,2564.0,0.145585285582915,91,214,1545.0,27.44,25687.000064,2465.0,-104.55,-360.4,-675.0,-2376.0,-97.55,-3056.0,-2211.000064,-405.0,1635.000064,94787.002368,-2358.0,165.0,1635.000064,0.0481393376301036,1492.999936,-0.628,-97.55,-0.1041666666666666,-202.0,18128.999936,214,27.44,-2359.000064,12195.00032,13606.000128,-3468.0,-2682.0,565.0,1780.65,-21.0,-2767.000064,10507.999744
-43.0,21626.000256,15395.999744,2016-06-30 00:00:00,-2.6304290658167395,3982.000128,7552.0,2311.000064,621.0,135.0,2928.999936,135.0,10983.999488,1723.000064,-500.0,1152.0,1092.0,8919.000064,-147,2599.000064,16814.999552,-1681.75,1690.749952,52,-77292.003328,27243.999744,12707.000192,1516.000064,-76,3039.000064,120.75,27,27243.999232,-4.0,1720.999936,0.1564749622225481,91,-143,1555.0,36.25,23261.999616,1573.999936,35.75,95.067,88.0,-500.0,119.75,-1570.0,-155.0,92.0,1723.000064,94107.000832,-309.0,345.0,1723.000064,0.0466337515931991,90.0,-0.197,119.75,0.0519430537420717,-151.0,18324.99968,349,36.25,-335.0,12357.000192,12050.000128,-1563.000064,196.0,617.0,1582.049984,120.0,-2591.000064,8919.000064
-219.0,21414.999936,13900.99968,2016-09-30 00:00:00,0.7253061991447491,4450.999808,7538.999808,2075.000064,579.0,365.0,2851.000064,365.0,8968.999936,2384.999936,-424.0,907.0,974.0,10060.99968,-141,2819.000064,16168.999936,1014.2,-990.2,52,-73218.998272,26812.999424,11354.000256,976.000064,66,2897.000064,2.8,90,26812.99968,-17.0,-906.0,0.1291580363469059,92,137,1439.0,44.11,22361.999872,-797.0,-129.2,175.621,662.0,-424.0,-8.2,993.0,303.0,146.0,2384.999936,89387.999232,1256.0,727.0,2384.999936,0.0371754621108945,-1346.0,0.057,-8.2,0.1294785355492634,-158.0,16751.999744,244,44.11,1290.0,11004.000256,11065.000192,1007.0,543.999936,577.0,1136.899968,-51.0,-2648.000064,10060.99968
-28.0,22876.00032,13336.999936,2016-12-31 00:00:00,4.775396372260529,3772.0,7288.999936,1808.999936,191.0,76.0,2616.0,76.0,8194.999808,1959.000064,0.0,-303.0,457.0,12721.999936,-218,2808.0,20533.000192,2499.95,-144.95,52,-38164.000768,28674.999872,10154.000384,-604.0,64,3182.999936,62.05,-80,28675.00032,-19.0,-1812.999936,0.0187561180969272,92,-236,642.0,45.67,24903.000064,-1429.999936,3.05,45.538,-426.0,0.0,62.05,207.0,263.0,48.0,1959.000064,58696.998912,1131.000064,263.0,1959.000064,0.0050132470728814,-1432.999936,0.21,62.05,0.027065527065527,-237.0,15952.999936,254,45.67,810.0,10154.000384,6752.999936,196.0,-221.0,187.0,145.7,307.0,-733.0,12721.999936
-348.0,21302.999936,12741.999616,2017-03-31 00:00:00,1.6094727435210008,3775.000064,7260.000256,1674.0,379.0,243.0,2470.000128,243.0,8262.000128,2119.000064,-673.0,819.0,336.0,10922.000256,-231,3551.000064,16421.000192,260.0,-230.0,53,-73797.001216,26134.0,10380.99968,181.0,-373,2361.0,73.0,-37,26133.999616,-278.0,-167.0,0.0378378374616928,90,15,1479.0,41.72,22359.000064,-124.0,192.0,27.975,160.0,-673.0,70.0,303.0,73.0,-105.0,2119.000064,90217.996288,-641.0,746.0,2119.000064,0.0094429535091168,-124.0,0.395,70.0,0.0684314265334803,-509.0,15211.999744,256,41.72,-454.0,10380.99968,11777.000192,317.0,331.0,374.0,258.6,-235.0,432.0,10922.000256
-184.0,21888.000192,12952.000512,2017-06-30 00:00:00,-8.34642178594047,4086.000128,7264.0,1676.999936,377.0,275.0,2532.0,275.0,8189.000192,2368.999936,-447.0,959.0,469.0,11330.000064,-181,2164.999936,16821.999616,196.75,-128.75,53,-74459.99616,26814.000576,10558.000128,180.0,-3,2393.999936,57.25,5,26813.999104,-36.0,-114.0,0.0303252169299494,91,102,1583.0,31.97,22727.999488,-86.0,-7.75,-39.475,250.0,-447.0,54.25,219.0,290.0,91.0,2368.999936,91281.997824,-372.0,737.0,2368.999936,0.0072181732955536,92.0,0.327,54.25,0.1270207889742866,-217.0,15484.000512,279,31.97,-587.0,10558.000128,11343.000064,212.0,1347.0,362.0,195.1,-156.0,877.0,11330.000064
160.0,22337.0,12792.999936,2017-09-30 00:00:00,7.850931677018633,4622.000128,7260.000256,1676.999936,297.0,63.0,2832.0,63.0,7622.000128,2780.999936,-473.0,657.0,379.0,11934.000448,-170,1932.999936,17082.000384,232.8,-165.8,53,-75337.998336,27559.000384,10402.999552,257.0,-1,2409.999936,9.2,61,27559.000064,-39.0,-55.0,0.0298403886190145,92,-12,1603.0,36.71,22937.000448,-47.0,-194.8,25.76,485.0,-473.0,7.2,193.0,228.0,223.0,2780.999936,92419.997696,-193.0,701.0,2780.999936,0.0074119032203606,156.0,0.387,7.2,0.0325918272560149,-209.0,15624.999936,339,36.71,-384.0,10382.999552,10456.999936,194.0,508.0,293.0,201.5,164.0,802.0,11934.000448
-79.0,20967.999936,12821.999616,2017-12-31 00:00:00,-0.4367519361652194,4791.000064,7385.999872,5305.999872,10025.00032,188.692304,3315.000064,188.692304,4222.000128,2641.999872,-677.0,417.0,1160.0,14103.999744,-191,2447.000064,14584.000512,157.0,125.0,53,-37122.998272,30240.999424,6864.000192,86.0,-2,6072.999872,48.0,22,30240.999424,-166.307696,272.0,-0.0124372434041505,92,-28,1461.0,41.4,25450.000384,268.0,59.307692,85.22,-170.0,-677.0,46.0,183.0,48.0,109.692304,2641.999872,51706.998784,-638.0,725.0,2641.999872,-0.0036662366918758,-115.0,0.624,46.0,0.0771116873987952,-357.30768,16136.99968,196,41.4,-774.0,6749.000192,6549.000192,44.0,87.0,10019.00032,-108.0,6.0,1251.000064,14103.999744
379.797472,23706.999936,12108.99968,2018-03-31 00:00:00,-0.2297228641198355,3635.000064,7321.999872,1680.999936,119.0,161.0,3481.999872,161.0,8558.000128,1424.0,-657.0,687.692304,516.0,13724.99968,-199,2198.000128,21383.000064,-246.0,304.0,53,-40035.00032,29315.999232,9982.000256,964.489744,-38,2480.999936,49.0,-11,29315.999744,-23.0,420.0,0.0203565152619575,90,30,1859.0,31.79,25680.999936,420.0,-447.797472,-61.017,-1267.000064,-657.0,49.0,-197.0,-47.0,540.79744,1424.0,61418.000384,-610.0,610.0,1424.0,0.0058954013304428,-1252.0,0.19,49.0,0.0732484033777089,-222.0,15590.999552,322,31.79,-610.0,9628.000256,8743.000064,-211.0,-1111.000064,97.0,163.45,816.79744,519.0,13724.99968
-49.0,18914.999872,7934.000128,2018-06-30 00:00:00,-0.4096545348580156,13820.000256,6938.999808,1619.000064,377.0,309.0,8376.999936,309.0,4607.000064,1460.0,-464.0,721.692304,11219.000256,12847.999744,-135,2264.999936,14120.999936,-460.15,681.150016,51,-37537.001472,29158.999808,6067.000128,1133.489744,3,2144.000064,95.15,221,29159.000064,76.0,506.0,0.0263327300590484,91,111,1850.0,43.96,15338.999936,589.0,-74.85,398.072,108.0,-464.0,94.15,-425.0,235.0,260.0,1460.0,51657.998336,96.0,699.0,1460.0,0.007194540331693,-364.0,0.363,94.15,0.1364238449144044,-59.0,16311.000064,241,43.96,-454.0,5790.000128,8843.000064,-496.0,795.0,350.0,201.35,15.0,464.0,12847.999744
-58.0,14945.999936,8049.999872,2018-09-30 00:00:00,0.5348864667020872,4757.000192,5264.0,1611.000064,372.0,271.0,3224.0,271.0,2945.999872,3102.000128,-567.0,929.692304,429.0,8897.999872,-128,2356.999936,14202.000384,2433.26,45.74,47,-37798.998016,20171.999744,6048.000064,1123.489744,-3,2259.000064,175.74,32,20171.999232,2.0,266.0,0.0454096209014518,92,-58,2020.0,39.94,15415.00032,146.0,-11.26,186.333,1596.0,-567.0,174.74,2536.999936,286.0,213.0,3102.000128,52001.001472,-478.0,853.0,3102.000128,0.0154151392355546,-1688.999936,0.416,174.74,0.1149766683744195,-126.0,11273.999872,253,39.94,2422.000128,5791.000064,9267.000064,156.0,354.0,364.0,367.89,10.0,522.0,8897.999872
-89.0,13639.999872,8153.999872,2018-12-31 00:00:00,-3.008797653958944,4437.000192,4530.999808,646.0,5917.000128,223.0,2225.999872,223.0,2040.0,2414.000128,-679.0,1689.20256,1211.0,9185.999872,-136,2080.999936,8462.000128,991.35,-1315.350016,45,-19949.000704,19565.999616,4454.0,551.20256,-8,3862.000128,62.65,-285,19566.000128,-4.0,-1660.0,0.0212180046329614,92,-198,610.0,22.54,15128.999936,-1239.0,-71.35,68.2,-675.0,-679.0,53.65,1148.999936,-137.0,134.0,2414.000128,28411.000832,-679.0,542.0,2414.000128,0.0081767623760352,-898.0,0.301,53.65,0.1071600225171751,-140.0,10379.999744,246,22.54,-303.0,4292.0,8896.0,1378.0,-231.0,236.0,203.63,-30.0,533.0,9185.999872
601.0,14007.99968,8252.000256,2019-03-31 00:00:00,-3.835890283589028,2703.000064,3560.0,1390.0,304.0,-402.632896,1968.0,-402.632896,4824.0,1327.000064,-500.0,400.367104,338.0,7856.999936,-135,1079.000064,14229.000192,-426.29,524.289984,42,-37495.001088,18077.000192,6150.999744,805.367088,-19,2168.0,146.29,32,18076.99968,46.367088,574.0,0.0559396257702107,90,-48,1118.0,31.56,15374.000128,503.0,-52.077088,43.02,-1091.000064,-500.0,146.29,-317.0,-122.0,198.367088,1327.000064,51724.00128,-190.0,378.0,1327.000064,0.0202489821632606,-1220.999936,0.285,146.29,-0.3731537276349967,-88.632912,10220.000256,308,31.56,-249.0,6083.999744,7781.999872,-378.0,26.0,298.0,479.83,661.0,262.0,7856.999936
-73.0,11597.000064,6188.000256,2019-06-30 00:00:00,-0.7213664727467198,5167.000064,3392.999936,959.0,331.0,432.65824,3467.000064,432.65824,1132.999936,3470.000128,-499.0,524.025344,855.0,6993.999872,-114,1806.0,10309.999616,-775.48,-59.52,41,-33622.99904,16649.000192,4603.000192,905.025328,-3,1631.0,91.48,-135,16648.999936,123.658224,-101.0,0.0618550117160769,91,-82,801.0,28.52,11481.999616,-11.0,-268.178224,445.029,2497.999872,-499.0,89.48,495.0,124.0,359.65824,3470.000128,43932.99968,-471.0,623.0,3470.000128,0.0207893817673768,-227.0,0.345,89.48,0.2395671317829457,9.658228,9655.00032,607,28.52,2064.999936,4557.000192,7322.999936,151.0,152.0,222.0,476.16,-7.0,151.0,6993.999872
-120.0,11099.999936,6193.999872,2019-09-30 00:00:00,-5.878048780487806,2846.000128,2854.000128,957.0,311.0,285.126592,1658.0,285.126592,3183.000064,1375.000064,-541.0,538.151936,684.0,6542.000128,-107,1746.0,10396.000256,-10.900000000000006,-14.1,39,-34009.99936,14394.0,4557.999808,857.151904,-1,1655.0,121.9,-58,14394.000384,5.1265825,-19.0,0.0531502590673575,92,-1,513.0,24.06,11548.000256,57.0,-43.226584,8.2,-2196.999936,-541.0,120.9,109.0,-40.0,165.126576,1375.000064,44406.001664,-534.0,501.0,1375.000064,0.0244355727993768,-2168.0,0.181,120.9,0.163302744558992,-101.873416,7851.999872,500,24.06,-527.0,4538.999808,6712.0,136.0,-33.0,201.0,422.32,-60.0,-175.0,6542.000128
78.0,10474.999744,5870.000128,2019-12-31 00:00:00,0.0371333110152748,3851.000064,2772.999936,576.0,277.0,82.126584,1927.000064,82.126584,2711.000064,1844.0,-411.0,282.012672,1175.0,5919.999872,-119,1588.999936,8835.999744,-792.69,137.69,38,-21383.000064,13717.000064,4554.999872,652.012672,114,1332.0,147.69,95,13717.000192,-16.873418,195.0,0.0674352827103971,92,-13,428.0,25.97,9865.999744,191.0,-10.436582,152.343,188.0,-411.0,147.69,-642.0,158.0,160.126576,1844.0,30218.999808,-368.0,569.0,1844.0,0.0304876360377356,-23.0,0.32,147.69,0.0516844476449368,-135.873424,7797.000192,183,25.97,-368.0,4537.999872,6220.000256,12.0,201.0,195.0,507.36,142.0,130.0,5919.999872
-636.0,8594.00032,5550.000128,2020-03-31 00:00:00,-0.7381447130572871,4055.000064,2739.000064,842.0,319.0,686.0,1554.0,686.0,3027.000064,1527.000064,-429.0,1485.911416,1934.0,4040.000064,-102,2087.000064,6016.999936,-1836.0,1712.999936,38,-24441.99936,11144.000192,4554.000256,734.911392,-15,1010.0,22.0,-345,11143.999488,-2.0,2175.000064,0.0643800951086956,91,-65,444.0,6.91,7088.999936,1884.000064,-27.0,-118.386,-117.0,-429.0,21.0,-1816.0,-31.0,50.0,1527.000064,30459.000832,-404.0,398.0,1527.000064,0.026218815982138,-87.0,-0.157,21.0,0.3287014753057525,-104.0,7104.000128,582,6.91,-405.0,4540.000256,7228.0,-1690.0,-6.0,218.0,383.07,-571.0,211.0,4040.000064
-82.0,7905.00032,5552.0,2020-06-30 00:00:00,34.41850220264317,3377.999872,2758.000128,840.0,309.0,-1187.000064,1452.0,-1187.000064,3078.000128,1474.0,-308.0,-182.87348,1389.0,3353.000128,-79,394.0,5917.000192,-601.0,611.0,38,-24732.000256,10357.000128,4552.000192,-889.87336,3,1011.0,-68.0,-130,10357.000192,-601.0,605.0,0.0433597495352705,91,-94,309.0,11.34,6979.000192,624.0,1203.000064,-5.675,-58.0,-308.0,-68.0,-670.0,-201.0,-1268.999936,1474.0,30648.999936,-305.0,107.0,1474.0,0.0167807153170431,-39.0,-0.268,-68.0,-3.0126905177664978,-680.0,7004.0,546,11.34,-134.0,4541.000192,5861.000064,-677.0,-198.0,221.0,226.59,-13.0,-112.0,3353.000128
31.0,7698.000128,5469.000192,2020-09-30 00:00:00,3.8825812093497785,3476.999936,2788.0,760.0,314.0,-27.35443,1708.999936,-27.35443,2843.000064,1707.000064,-204.0,-446.22791,1277.0,3148.0,-75,1067.0,5782.000128,-89.28,105.28,38,-25028.999168,10326.000128,4550.000128,-1055.2277905,-3,927.0,0.28,122,10325.999616,28.64557,48.0,0.0200669103430669,92,154,415.0,9.46,6849.000128,79.0,-1.365569625,54.889,228.0,-204.0,-1.72,-92.0,268.0,3.6455695,1707.000064,30811.000832,-203.0,472.0,1707.000064,0.00825,-46.0,-0.091,-1.72,-0.0256367666354264,-46.354432,7178.000128,522,9.46,-202.0,4542.000128,5137.0,-103.0,269.0,232.0,101.97,97.0,196.0,3148.0
-71.0,7572.0,5453.000192,2020-12-31 00:00:00,-0.0566037735849057,3260.0,2804.0,661.0,283.0,114.455696,1440.0,114.455696,2316.0,2236.999936,-220.0,250.101264,422.0,3019.0,-82,1370.0,5616.0,-130.64,94.64,38,-24324.999168,9912.000192,4553.0,14.101266,4,909.0,17.64,117,9912.000512,16.455696,163.0,-0.0601082085523023,92,-38,242.0,15.81,6652.0,164.0,-21.815696,166.42000000000002,340.0,-220.0,17.64,-102.0,157.0,43.455696,2236.999936,29941.000192,-215.0,377.0,2236.999936,-0.0217597014127203,-134.0,0.03,17.64,0.083544303649635,-65.544304,6893.000192,243,15.81,95.0,4544.0,4989.000192,-73.0,162.0,282.0,-257.08,-1.0,193.0,3019.0
415.0,16045.000192,9025.999872,2021-03-31 00:00:00,-0.4392760028217078,3467.000064,8239.000064,1602.0,306.0,173.0,2944.999936,173.0,5680.999936,1878.0,-499.0,-926.898798,500.0,8486.000064,-107,1762.0,15528.999936,0.0,234.31,67,-24597.000192,20456.999872,7559.000128,-633.8986705,-61,1724.0,447.310016,-98,20457.00096,-3.0,204.0,0.0640857235984354,90,-90,564.0,21.85,16989.999936,2.0,-137.69,165.857,-359.0,-499.0,445.310016,213.0,93.0,588.0,1878.0,40126.001152,-484.0,592.0,1878.0,0.0251403443162281,-824.0,0.316,445.310016,0.0981838819523269,-110.0,11970.999808,331,21.85,-130.0,7302.000128,4593.0,216.0,-452.0,303.0,397.230016,492.0,317.0,8486.000064
258.0,15325.999936,8457.999872,2021-06-30 00:00:00,0.308158600807743,3076.0,8256.999936,1540.999936,397.0,307.0,3072.0,307.0,5251.999744,1539.000064,-509.0,567.101266,352.0,8534.999936,-94,2416.999936,15441.000448,0.0,152.0,68,-25124.999168,20064.999808,6791.0,1200.1012655,-11,1697.999936,408.0,140,20064.999424,-2.0,145.0,0.1490159986237743,91,112,487.0,29.19,16989.000448,189.0,-152.0,446.429,-339.0,-509.0,405.0,256.0,583.9999359999999,565.0,1539.000064,40566.001664,-460.0,1092.999936,1539.000064,0.0574077987655182,-982.0,0.521,405.0,0.1270169665407885,-96.0,11529.999872,307,29.19,-452.0,6760.0,6615.999936,261.0,-109.0,396.0,873.230016,338.0,1102.0,8534.999936
