Non-Operating Income (Loss),StockBased Compensation,Line of Credit Available,Equity Charge,WACC Discount Factor,Other Accrued Liabilities,Operating Leases,Line of Credit,Total Current Liabilities,BALANCE SHEET,Total Liabilities & Equity,Operating Income,NonCash Items,Days in Period,Net Share Repurchases,"Cash, Cash Equivalents & STI",Misc LT Assets,Rental Expense - Years 2 - 5,"Selling, General & Admin",Revenue,ST Debt,-Net Share Repurchases,LTM Basic EPS,Rental Expense - Year 1,ST Capital Leases,Rental Expense Beyond Year 5,Dep & Amort,Work In Process,Total Liabilities / Tangible Assets,Current Liabilities,Other Adjustments,Free Cash Flow (LTM),Deferred Compensation,Other Operating Expenses,Free Cash Flow to Firm,ST Deferred Tax Assets,Cash (Repurchase) of Equity,Free Cash Flow to Equity,Deferred Tax Liabilities,Repayments of LT Debt,Other PostRet Benefits,Effect of Foreign Exchanges,Income (Loss) from Cont Ops,year + weight + convention,Free Cash Flow to Firm Model,Dividends,Net Extraordinary Losses (Gains),Net Cash From Disc Ops (fin),Period Weight,Pretax Income,LT Marketable Securities,ST Borrowings,Dividend Yield (LTM),Free Cash Flow per Share,LT Receivables,Prepaid Expenses,Cash % of Revenue,Diluted - Basic Shares,Diluted EPS,Operating Margin,Operating Expenses,Line of Credit Used,Interest & Dividends Payable,PP&E Gross,EBITDAR,A = L + SE,Inventories,Discontinued Operations NI,PV of Free Cash Flow to Firm,Pensions,Raw Materials,Other Non-Op Income (Loss),Bull,Discounted Residual Income (Bear)
-0.158,209.925,17.308,2011-03-31 00:00:00,0.0,146.77,72.881,17.308,2.223,31.342,14.699,31.342,-92.609,92.609,-5.475,100.686,42.62,209.925,-2.98,46.772,92.939,-1.7763568394002505e-15,0.0,6.302,-105.318,241.932,0.0,100.213,-1.499,17.308,11.239,-10.145,241.932,-1.119,1.769,0.267120252554861,90,-6.569,14.699,7.76,95.162,3.027,-18.288,0.0,11.375,-5.475,11.239,11.239,8.32,31.184,92.609,198.256992,-5.475,13.795,92.609,0.2163977304486438,-0.491,0.16,11.239,0.0,-4.099,32.007,42.62,7.76,-1.929,0.0,151.238,12.896,8.32,0.874,48.526,-0.194,2.926,209.925
0.639,222.14,16.822,2011-06-30 00:00:00,0.0,162.17,73.285,16.822,2.223,42.512,19.597,42.512,-114.467,114.467,-5.85,114.005,35.29,222.14,-2.494,58.547,94.166,-1.7763568394002505e-15,0.0,6.305,-111.604,258.559,0.0,114.174,0.0,16.822,11.787,7.821,258.559008,-1.189,1.662,0.229762065072147,91,6.949,19.597,6.02,96.389,1.986,-29.641,0.0,21.858,-5.85,11.787,11.786,21.416,43.151,114.467,205.77,-5.85,27.266,114.467,0.1856729367828392,0.099,0.21,11.787,0.0,-3.683,36.419,35.29,6.02,-5.507,0.0,176.11,13.51,21.416,0.874,44.362,0.592,33.68,222.14
0.753,224.046992,17.175,2011-09-30 00:00:00,0.0,148.886,73.735,17.175,12.244,19.819,22.408,19.819,-112.575,112.575,-11.638,112.221,19.49,224.046992,-2.58,37.35,102.5,0.0,0.0,6.312,-118.003,263.629992,0.0,113.444,-3.696,17.175,2.399,3.375,263.63,-1.264,4.935,0.1708120951651285,92,0.474,22.408,4.86,114.744,5.255,-17.117,0.0,-1.892,-11.638,2.399,2.399,1.643,20.572,112.575,220.503008,-11.638,13.281,112.575,0.1377560363161368,-3.566,0.23,2.399,0.0,-7.905,39.583,19.49,4.86,-11.607,0.0,180.856,3.455,1.643,10.895,34.31,0.7,21.891,224.046992
0.235,233.067,16.858,2011-12-31 00:00:00,0.0,162.923008,72.36,16.858,12.244,43.863,25.09,43.863,-137.139008,137.139008,-9.01,137.536,14.705,233.067,-2.363,67.767,99.848,-3.233750000000001,3.23375,6.238,-129.395,275.015,0.0,139.004992,-1.997,16.858,8.72,6.224,275.015008,-2.136,7.563,0.177719438296537,92,10.844,25.09,6.04,112.092,7.878,-28.422,0.0,24.564,-9.01,11.95375,8.721,26.233,44.098,137.139008,229.243008,-9.01,35.243,137.139008,0.1456083340672425,-1.346,0.28,11.95375,0.0,-4.886,41.948,14.705,6.04,-9.333,0.0,210.436,10.701,26.233,10.895,37.378752,0.187,57.612,233.067
0.241,244.263,17.204,2012-03-31 00:00:00,0.0,171.25,74.628,17.204,12.244,30.106,33.461,30.106,-140.328992,140.328992,-10.739,136.3,27.986,244.263,-3.483,45.286,111.434,-1.7763568394002505e-15,0.0,6.258,-134.732992,294.928,0.0,138.168,-1.599,17.204,9.018,-10.625,294.928,-0.853,1.682,0.15784954395354,91,-1.894,33.461,9.45,123.678,3.034,-19.82,0.0,3.19,-10.739,9.018,9.018,4.422,30.347,140.328992,246.167008,-10.739,15.161,140.328992,0.11892858473345,-1.599,0.147,9.018,0.6647970675263879,-4.651,50.665,27.986,9.45,-10.372,0.0,208.95,10.527,4.422,10.895,31.924,0.2,53.714,244.263
0.414,257.389,11.943,2012-06-30 00:00:00,0.0,171.764,77.433,11.943,12.244,38.632,20.794,38.632,-137.796,137.796,-16.482,132.42,12.183,257.389,-3.04,58.818,106.118,0.0,0.0,6.31,-140.922,290.126,0.0,134.063,-1.998,11.943,10.424,9.675,290.126016,-3.484,4.805,0.1435386935100238,91,-9.577,20.794,8.63,118.362,5.157,-26.729,0.0,-2.533,-16.482,10.424,10.426,-3.625,39.046,137.796,247.04,-16.482,12.857,137.796,0.1113972449155091,1.371,0.22,10.424,0.6568057397395355,-6.799,32.737,12.183,8.63,-16.761,0.0,209.221,12.317,-3.625,10.895,30.561,0.382,28.673,257.389
0.009,257.154,12.483,2012-09-30 00:00:00,0.0,168.592992,77.784,12.483,12.244,23.214,25.511,23.214,-136.264,136.264,-16.286,135.815,17.838,257.154,-2.546,37.63,114.311,-4.953,4.953,6.31,-153.540992,295.148,0.0,136.714,-1.998,12.483,5.059,-5.443,295.148,-0.699,9.295,0.1537571780483975,92,2.172,25.511,8.55,126.555,9.646,-16.858,0.0,-1.532,-16.286,5.059,0.106,0.499,23.223,136.264,267.852,-16.286,16.785,136.264,0.1189058982279187,-1.998,0.23,5.059,0.6169014084507042,-3.614,37.994,17.838,8.55,-16.319,0.0,209.501,1.412,0.499,10.895,33.221,-0.027,27.529,257.154
-0.105,212.525008,10.368,2012-12-31 00:00:00,0.0,149.124992,55.13,10.368,12.223,2.261,45.063,2.261,-130.8,130.8,-28.408,94.213,9.344,212.525008,-2.71,53.553,106.608,3.552713678800501e-15,0.0,6.314,-155.968,267.956008,0.0,94.772,-26.2,10.368,-13.964,24.455,267.956,-36.001,35.211,0.0252870487597698,92,29.314,30.326,8.65,118.831,35.562,-23.74,0.0,-5.464,-28.408,-18.917,-18.919,20.747,2.156,130.8,262.576,-28.408,49.155,130.8,0.0205683173419086,-26.234,0.27,-18.917,0.042219856964129,-39.373,55.431,9.344,8.65,-28.385,0.0,195.287008,-18.917,20.747,10.874,5.584,-0.141,22.043,212.525008
-0.069,221.254008,10.75,2013-03-31 00:00:00,0.0,141.284,56.671,10.75,12.223,21.503,40.125,21.503,-102.641,102.641,-18.372,85.61,13.557,221.254008,-3.639,44.137,118.622,0.0,0.0,6.317,-159.300992,272.129008,0.0,85.859,0.0,10.75,7.188,-10.744,272.128992,-6.106,5.797,0.016262909540048,90,-26.986,35.19,7.59,130.845,7.203,-14.246,0.0,-28.159,-18.372,7.188,7.188,-27.341,21.434,102.641,277.923008,-18.372,-8.969,102.641,0.0307094352872382,0.0,0.25,7.188,0.487187620363867,-10.624,50.875,13.557,7.59,-19.19,0.0,194.138,7.188,-27.341,10.874,8.707,-0.094,-9.72,221.254008
0.014,227.869,11.135,2013-06-30 00:00:00,0.0,127.283,57.503,11.135,12.22,11.666,33.219,11.666,-78.708,78.708,-22.461,58.644,18.378,227.869,-2.464,29.118,132.72,-8.881784197001252e-16,0.0,6.317,-163.411008,272.223,0.0,58.493,0.0,11.135,7.121,-11.89,272.223008,-4.28,4.202,0.0018732736599447,91,-16.163,33.219,5.72,144.94,5.034,-4.559,0.0,-23.933,-22.461,7.121,7.121,-23.037,11.68,78.708,296.131008,-22.461,-0.576,78.708,0.0192193807381801,-1.204,0.19,7.121,0.4006456487396113,-7.006,44.354,18.378,5.72,-22.153,0.0,164.438,7.121,-23.037,10.871,5.404,-0.002,-29.132,227.869
-0.056,221.875008,11.298,2013-09-30 00:00:00,0.0,126.873,58.464,11.298,12.179,8.104,40.448,8.104,-100.465,100.465,-15.305,43.534,22.195,221.875008,-1.893,37.74,134.568992,-4.440892098500626e-16,0.0,6.331,-167.528,273.621008,0.0,43.318,0.0,11.298,2.386,1.841,273.620992,-11.07,11.497,-0.009336663897546,92,28.151,35.563,5.58,146.747992,11.859,-5.662,0.0,21.757,-15.305,2.386,2.387,31.045,8.048,100.465,302.096992,-15.305,46.35,100.465,0.0096031958085366,-8.919,0.27,2.386,0.2147323794382617,-13.106,51.746,22.195,5.58,-15.674,0.0,164.548,2.386,31.045,10.83,2.731,-0.072,1.414,221.875008
0.073,250.874008,11.464,2013-12-31 00:00:00,0.0,167.464,61.863,11.464,2.179,35.952,45.829,35.952,-130.529,130.529,-10.741,77.225,19.447,250.874008,-3.258,58.282,138.524,0.0,0.0,6.408,-172.202,308.167008,0.0,77.187,0.0,11.464,26.375,17.673,308.167008,-2.472,2.578,0.1858959493345148,92,3.319,42.561,6.89,140.703,2.983,-9.648,0.0,30.065,-10.741,26.377,26.377,27.855,36.025,130.529,310.726016,-10.741,38.596,130.529,0.1495236239549731,2.396,0.34,26.377,0.6168628392985828,-7.772,57.293,19.447,6.89,-10.927,0.0,169.276992,26.377,27.855,0.83,43.072,0.057,8.522,250.874008
-0.262,245.253008,11.63,2014-03-31 00:00:00,0.0,146.324,62.91,11.63,3.901,-0.65,40.178,-0.65,-80.721,80.721,-24.751,55.072,63.896,245.253008,-3.588,28.071,146.836,8.881784197001252e-16,0.0,6.408,-176.0,297.061008,0.0,54.841,-1.722,11.63,-7.038,-48.193,297.060992,-11.323,10.527,0.1236680221761123,90,-32.608,38.446,8.55,150.737,11.944,-6.126,0.0,-49.808,-24.751,-7.038,-7.038,-48.293,-0.912,80.721,322.836,-24.751,-23.542,80.721,0.1013510455588059,-1.722,0.15,-7.038,-0.0231555698051369,-14.911,51.808,63.896,8.55,-24.544,0.0,153.211,-7.038,-48.293,2.552,28.844,-0.291,-12.43,245.253008
-0.108,271.228,11.732,2014-06-30 00:00:00,0.0,162.772992,64.17,11.732,4.092,33.828,51.357,33.828,-118.567,118.567,-26.541,77.234,21.813,271.228,-3.134,52.098,167.452,0.0,0.0,6.415,-182.824992,334.317,0.0,76.881,-0.192,11.732,24.712,49.738,334.316992,-3.293,2.768,0.1860840678264946,91,28.985,49.739,7.23,171.544,3.408,-9.008,0.0,37.847,-26.541,24.712,24.714,37.561,33.72,118.567,350.276992,-26.541,64.102,118.567,0.1531143865202624,0.428,0.3,24.712,0.649314752965565,-6.427,63.089,21.813,7.23,-26.683,0.0,176.191,24.712,37.561,2.743,46.435,-0.125,48.168,271.228
0.183,293.102008,28.659,2014-09-30 00:00:00,-0.9176211453744494,169.211008,70.171,13.659,4.035,6.687,56.095,6.687,-118.498,133.498,-16.812,75.817,26.558,278.102008,-3.967,24.486,189.61,0.0,0.0,6.515,-187.036992,362.856008,15.0,75.703,-0.04,13.659,3.109,-9.049,362.856,-0.598,1.897,0.1886486718021454,92,4.255,50.666,8.5,193.645,2.538,-3.761,-31.78,14.93,-16.812,3.109,3.112,-2.618,6.87,133.498,376.647008,-16.812,14.194,133.498,0.1481844610024803,17.548,0.1,3.109,0.2730948296986032,-6.365,84.754,26.558,8.5,-16.812,15.0,162.937,3.109,12.382,2.686,47.158,0.164,14.505,278.102008
-0.472,195.463,29.846,2014-12-31 00:00:00,-17.52429210134128,113.05,70.87,14.846,27.675,4.071,38.54,4.071,-54.051,69.051,-24.075,43.935,22.281,180.463,-3.504,23.037,108.124,-98.341,98.341,6.519,-289.713984,248.849,15.0,43.277,-0.333,14.846,0.009,-21.285,248.848992,-0.145,95.554,0.0964025790247054,92,-33.852,38.54,4.56,135.799,96.178,-3.59,3.355,-64.447,-24.075,0.009,-98.332,-55.439,3.599,69.051,397.838016,-24.075,-31.364,69.051,0.074651356513996,0.276,0.093,0.009,0.1767157181924729,-4.249,68.386,22.281,4.56,-33.359,15.0,127.691,-98.332,-55.439,26.326,20.791,-0.476,-68.789,180.463
-0.362,158.586,30.29,2015-03-31 00:00:00,0.0,111.109,73.57,15.29,22.515,-29.879,66.754,-29.879,-31.552,46.552,-28.07,14.707,43.423,143.586,-4.873,18.239,107.006,-3.5093519999999927,3.50935,6.554,-300.014016,240.63,15.0,13.948,0.0,15.29,-35.495648,12.358,240.63,-27.739,17.873,-0.0394283898594865,90,12.942,61.942,2.45,129.521,19.527,-5.25465,0.0,-22.499,-28.07,-35.495648,-39.005,-28.671,-30.241,46.552,407.02,-27.73,-0.601,46.552,-0.0285132096838252,0.445,-0.017,-35.495648,-1.6381928833817645,-32.612,97.044,43.423,2.45,-22.343,15.0,117.86,-39.005,-28.331,21.166,-7.665648,-0.056,-49.167,143.586
0.099,154.067,30.951,2015-06-30 00:00:00,0.0,101.509,74.255,15.951,22.364,4.791,64.269,4.791,-46.048,61.048,-13.126,-14.33,31.595,139.067,-2.829,27.137,110.414,-3.78365,3.78365,6.578,-314.336992,234.287,15.0,-14.882,0.0,15.951,-1.42035,-10.636,234.287008,-1.409,21.149,-0.1647497434772541,91,1.632,60.939,2.14,132.778,21.827,-6.31035,0.0,14.496,-13.126,-1.42035,-5.204,14.428,4.89,61.048,424.751008,-13.068,27.554,61.048,-0.1188806199041864,0.007,0.003,-1.42035,0.1765486236503666,-4.238,95.22,31.595,2.14,-13.065,15.0,92.899,-5.204,14.486,21.015,-33.797998,0.438,-72.3,139.067
1.16,121.091,31.198,2015-09-30 00:00:00,-21.469,73.73,74.947,16.198,26.02,-14.133,57.79,-14.133,-25.701,40.701,-31.035,-35.15,24.856,106.091,-3.804,17.546,95.329,-11.6922,11.6922,6.592,-340.320992,195.079,15.0,-34.725,0.0,16.198,-21.9758,4.836,195.079008,-11.757,29.754,-0.3065271713638265,92,5.529,57.79,1.7,121.349,30.446,-9.0028,1.0,-20.347,-31.035,-21.9758,-33.668,-20.469,-12.973,40.701,435.649984,-31.035,10.566,40.701,-0.2110740396487184,0.0,-0.02,-21.9758,-0.8054827311068049,-15.561,88.988,24.856,1.7,-30.913,15.0,85.959,-33.668,-20.469,24.671,-58.882798,1.622,-90.151,106.091
-1.413,41.076,31.166,2015-12-31 00:00:00,0.0,63.742,75.722,16.166,26.843,-16.729,66.716,-16.729,-10.357,25.357,-16.713,-54.592,32.199,26.076,-3.323,17.523,33.373,0.0,58.395,6.604,-400.168,123.958,15.0,-55.108,-0.011,16.166,-22.384,8.748,123.958,-8.311,59.748,-0.6748846464832308,92,10.735,66.716,1.6,60.216,61.883,-4.242,0.0,-15.344,-16.713,-22.384,-80.779,-15.357,-18.142,25.357,433.540992,-16.713,1.356,25.357,-0.3738932020888706,-0.011,-0.105,-22.384,-0.9546881241796497,-11.634,97.882,32.199,1.6,-16.689,15.0,80.445,-80.779,-15.357,26.843,-69.695,-1.195,-50.069,26.076
-0.23,33.831,31.418,2016-03-31 00:00:00,0.0,58.319,76.581,16.418,27.209,-13.515,66.441,-13.515,-9.156,24.156,-1.483,-39.586,27.646,18.831,-2.247,10.976,31.162,7.806,0.0,6.604,-402.156992,116.69,15.0,-39.97,0.0,16.418,-15.43,-4.732,116.69,-9.206,-0.3,-0.7537406798549414,91,-5.063,63.474,0.94,58.371,0.12,-1.685,0.0,-1.201,-1.483,-15.43,-7.624,-1.663,-13.745,24.156,433.319008,-1.483,-0.18,24.156,-0.3426069069741408,0.0,-0.165,-15.43,-1.231322886297376,-11.453,97.859,27.646,0.94,-1.021,15.0,73.182,-15.43,-1.663,27.209,-61.21015,0.258,-23.061,18.831
-1.534,33.671,25.976,2016-06-30 00:00:00,0.0,38.642,77.338,16.632,25.935,4.615,46.354,4.615,0.663,13.681,-8.965,-39.762,16.733,19.327,-4.004,18.847,27.08,-0.3957,0.3757,6.594,-403.888,91.657,14.344,-41.779,-0.077,16.632,-0.1223,0.706,91.657,-0.945,2.348,-0.7564945641880374,91,-1.038,38.28,1.06,53.015,3.362,-3.2033,0.0,-10.475,-8.965,-0.1223,-0.518,-7.156,3.081,13.681,430.968,-8.965,1.809,13.681,-0.3676220364817996,-0.077,0.0,-0.1223,0.244866557011726,-4.949,72.33,16.733,1.06,-12.207,9.344,64.892,-0.498,-7.156,25.935,-59.9121,-0.064,-44.645,19.327
-0.282,17.593,24.983,2016-09-30 00:00:00,0.0,41.55,76.829,16.849,11.074,3.031,50.01,3.031,-12.499,26.883,-0.112,-14.641846,7.812,3.209,-2.42,14.635,25.578,-16.021549999999998,0.23855,6.619,-405.08,78.202,14.384,-14.35484625,-0.016,16.849,0.42255,5.71,78.202,-0.415,8.227,-0.5329268069533394,92,7.083,25.104,0.9291875,36.652,7.718,-2.32645,0.0,28.838,-0.112,0.42255,-15.599,13.859,2.749,26.883,430.657984,-0.112,13.971,26.883,-0.2131465352323349,-0.016,0.02,0.42255,0.2071062521352921,-2.835,74.993,6.065,0.9291875,14.883,8.134,61.981,0.184,13.859,11.074,-29.12445,0.045,-28.174,3.209
-0.871,14.082,25.836,2016-12-31 00:00:00,0.0,38.475,76.879,18.896,14.538,0.837,55.554,0.837,-6.034,20.474,-1.616,-4.635,10.253,-0.358,-1.722,15.326,28.019,-0.9080499999999998,0.62205,6.611,-380.991008,81.032,14.44,-7.552,0.0,18.896,-2.73295,2.931,81.032,-0.904,-9.883,0.0,92,2.483,29.602,1.04,42.557,-10.798,-2.69895,0.0,-6.409,-1.616,-2.73295,-3.641,-5.032,-0.034,20.474,409.009984,-0.786,-3.416,20.474,-0.1689199473145031,-0.051,0.01,-2.73295,0.0546130758188698,-2.626,81.39,8.114,1.04,-2.942,6.94,59.784,-3.355,-4.202,14.538,-17.31345,-0.543,-17.849,-0.358
-0.339,19.03,25.756,2017-03-31 00:00:00,0.0,38.496,77.054,19.135,14.818,8.211,50.165,8.211,-10.964,24.245,-0.768,16.694,6.616,4.076,-3.127,21.266,26.683,-0.3339500000000006,0.15795,6.614,-382.622016,79.997,14.954,13.668,0.0,19.135,4.59295,-2.217,79.997,-0.113,0.31,0.1886104684157681,90,-2.086,18.707,0.917125,41.501,0.464,-3.27905,0.0,3.785,-0.768,4.59295,4.259,3.33,7.872,24.245,409.304992,-0.768,4.098,24.245,0.0219663729682185,0.455,-0.01,4.59295,0.3861092824226465,-3.24,75.921,4.201,0.917125,-0.768,6.621,70.074,4.435,3.747,14.818,2.16025,0.064,5.001,4.076
-0.17,19.9,23.872,2017-06-30 00:00:00,0.0,38.405,77.62,19.23,15.472,5.587,48.346,5.587,-9.385,20.64,-0.264,17.666,8.751,6.925,-3.049,20.425,25.266,-0.0834999999999999,-0.0845,6.635,-384.208992,79.143,12.975,16.004,0.0,19.23,2.3665,-1.101,79.143,0.047,-0.525,0.3541863477068414,91,-2.585,24.536,0.935,40.738,0.104,-3.0505,0.0,-3.558,-0.264,2.3665,2.283,-1.789,5.417,20.64,409.475008,-0.014,-1.525,20.64,0.0544385245901639,-2.083,0.04,2.3665,0.2735373317013463,-3.002,72.218,6.173,0.935,0.05,4.642,71.652,2.451,-3.622,15.472,4.64905,0.208,10.368,6.925
-0.199,17.702,22.969,2017-09-30 00:00:00,0.0,36.529,77.744,19.486,16.101,3.721,46.847,3.721,-7.88,18.863,-0.268,18.356,9.303,6.719,-2.463,18.178,23.905,-0.7726500000000001,0.59865,6.638,-385.616992,76.535,10.983,16.777,-7.917,19.486,0.45065,-2.772,76.535,0.042,1.23,0.9422139403706687,92,-2.118,23.947,0.82,40.006,1.38,-3.07135,0.0,-1.701,-0.268,0.45065,-0.322,0.391,3.522,18.863,409.521984,-0.268,0.659,18.863,0.0604528974970433,-2.092,0.01,0.45065,0.2046979865771812,-2.421,69.816,6.53,0.82,-0.268,3.483,75.195,-0.148,6.224,16.101,4.67715,0.128,-3.1,6.719
2.439,19.264,22.756,2017-12-31 00:00:00,0.0,36.452,77.895,20.447,19.96,2.495,46.588,2.495,-10.694,19.669,-0.513,19.951,9.964,10.289,-1.723,17.156,23.221,1.2573500000000002,-1.36035,6.644,-386.145984,79.633,8.975,20.65,-2.084,20.447,2.17365,-0.687,79.633,-0.471,0.47,0.0,92,0.857,24.575,0.6971,43.181,0.635,-2.76035,0.0,3.117,-0.513,2.17365,3.431,5.212,4.934,19.669,409.367008,-0.513,5.725,19.669,0.1278685463542153,-2.095,0.0,2.17365,0.1454301702028445,-2.194,69.344,7.128,0.6971,-0.513,2.309,77.025,3.534,5.212,18.7,10.272,2.745,7.144,10.289
-0.285,26.049,21.836,2018-03-31 00:00:00,0.0,49.507,78.044,20.717,20.079,13.014,51.252,13.014,-27.087,32.205,-0.423,24.817,7.763,19.097,-2.603,27.645,22.599,-0.0330400000000015,-0.01896,6.644,-387.046016,92.185,6.952,26.602,0.0,20.717,8.69204,7.594,92.185,0.056,1.926,1.1809295300565312,90,3.583,23.746,0.8616,42.678,2.24,-4.03696,0.0,12.561,-0.423,8.69204,8.659,14.644,12.729,32.205,409.644992,-0.423,15.067,32.205,0.1589346156973435,-2.083,0.0,8.69204,0.4707542051003798,-2.547,73.088,4.733,0.8616,-0.423,1.119,83.404,8.711,12.561,18.819,13.68284,0.069,16.16,19.097
-0.255,20.483,21.6,2018-06-30 00:00:00,0.0,59.439,78.709,21.6,19.71,5.409,58.193,5.409,-42.437,40.49,-0.553,24.639,8.044,20.483,-5.008,24.426,21.127,-0.8841500000000001,0.54115,6.696,-387.808,100.276,0.0,26.339,0.0,21.6,1.42815,5.954,100.276,-0.157,6.264,0.929983216579101,91,5.344,27.769,2.73,40.837,8.624,-3.72585,0.0,8.398,-0.553,1.42815,0.544,15.036,5.154,40.49,408.935008,-0.553,15.589,40.49,0.1420639954519867,-6.638,0.0,1.42815,0.2214443625644804,-5.165,79.793,4.872,2.73,-0.553,0.0,87.405,0.887,7.953,18.45,12.74449,-0.225,32.985,20.483
0.108,99.295,15.723,2018-09-30 00:00:00,0.0,44.591,78.938,15.723,82.839,14.001,47.343,14.001,-33.715,33.715,-12.229,34.919,8.644,99.295,-2.811,25.266,34.931,1.790471999999994,-1.81147,6.709,-388.66,162.361,0.0,36.926,-9.166,15.723,76.814528,-7.57,162.360992,0.157,-72.738,1.6810679344237554,92,-2.676,24.881,2.73,117.77,-71.63,62.705528,0.0,-6.779,-12.229,76.814528,78.605,-6.845,14.109,33.715,423.591008,-12.229,5.384,33.715,0.746001364476638,0.066,0.0,76.814528,0.5541439088102589,-2.654,63.066,5.422,2.73,-12.229,0.0,94.493,78.626,2.321,14.032,89.108368,-0.003,25.749,99.295
1.06,109.827,15.441,2018-12-31 00:00:00,0.0,58.794,79.075,15.441,54.794,11.848,41.044,11.848,-33.36,33.36,-0.922,47.962,12.742,109.827,-0.976,27.606,52.724,6.984179999999999,-7.06418,6.717,-390.604992,166.312,0.0,47.885,0.0,15.441,3.43982,-5.561,166.312,-3.318,5.011,1.5440522161910153,92,-15.116,22.221,1.47,107.518,3.535,-9.46818,0.0,0.189,-0.922,3.43982,10.424,0.214,12.908,33.36,443.328992,-0.922,1.136,33.36,0.7540928906869422,-0.025,0.0,3.43982,0.4291820618706078,-4.294,56.485,9.452,1.47,-0.922,0.0,104.943,10.504,0.214,14.717,92.732688,0.932,23.049,109.827
-0.051,152.929,41.935,2019-03-31 00:00:00,0.0,62.026,79.15,15.638,50.776,5.583,43.267,5.583,-9.564,46.195,-0.788,36.841,5.521,116.298,-4.439,19.765,88.698,4.13129,1.53971,6.733,-391.96,201.5,36.631,37.703,0.0,15.638,2.36971,5.252,201.5,0.029,4.027,1.241585110233022,90,3.711,19.332,2.24,139.474,7.492,-3.16229,0.0,12.639,-0.788,2.36971,6.501,12.697,5.532,46.195,480.657984,-0.788,13.485,46.195,0.5723970104023017,-0.058,0.0,2.36971,0.2824690108778143,-4.41,85.202,5.521,2.24,-0.788,26.297,97.063,0.83,12.697,13.755,84.052208,-0.238,21.102,116.298
0.488,149.796,39.259,2019-06-30 00:00:00,0.0,69.914,79.804,15.635,46.16,6.37,47.136,6.37,-14.433,48.557,-0.375,37.802,6.976,115.672,-2.728,25.23,85.993,1.0064100000000002,-1.16841,6.745,-393.668992,202.067,34.124,39.407,0.0,15.635,-2.03941,-0.985,202.067008,-4.404,-1.911,1.183719261136205,91,-1.863,27.555,1.67,132.153,3.911,-8.89741,0.0,2.534,-0.375,-2.03941,-1.033,2.721,6.858,48.557,479.662016,-0.375,3.096,48.557,0.5330677136082472,-0.187,0.0,-2.03941,0.2524772096710265,-7.132,86.395,6.976,1.67,-0.375,23.624,97.867,-0.871,2.721,15.214,80.584648,0.287,8.787,115.672
0.055,146.716,40.758,2019-09-30 00:00:00,0.0,74.543,80.011,16.361,40.974,1.501,58.341,1.501,-20.398,57.227,-2.219,25.302,9.038,109.887,-4.738,17.603,93.469,1.72993,-1.79093,6.748,-394.975008,208.986,36.829,26.854,0.0,16.361,-5.64893,10.961,208.986,-0.019,-6.859,-0.0179634002925681,92,15.64,30.544,2.03,134.443,-0.651,-7.20493,0.0,8.204,-2.219,-5.64893,-3.919,10.251,1.556,57.227,488.444,-2.219,12.47,57.227,-0.01011889171301,-2.047,0.0,-5.64893,0.0852695563256263,-4.757,99.099,9.038,2.03,-2.219,24.397,90.204,-3.858,10.251,15.071,-1.87881,-0.138,25.883,109.887
0.618,143.081,38.067,2019-12-31 00:00:00,0.0,69.758,80.316,16.696,40.138,7.397,63.75,7.397,-12.556,45.917,-6.966,20.814,8.434,109.72,-2.95,21.923,101.641,-2.18264,2.14564,6.767,-396.699008,211.537,33.361,23.548,0.0,16.696,3.19664,-13.975,211.536992,0.351,9.131,-0.0079095592287756,92,-12.939,45.67,2.22,141.779,11.622,-4.81836,0.0,-10.908,-6.966,3.19664,1.014,-9.545,8.015,45.917,498.34,-6.966,-2.579,45.917,-0.004595804241288,-1.363,0.0,3.19664,0.3374082014322858,-2.599,101.817,8.434,2.22,-6.966,21.371,84.521,1.051,-9.545,15.979,-0.86826,0.466,16.124,109.72
0.803,86.842,46.592,2020-03-31 00:00:00,0.0,79.049,80.461,16.455,15.695,3.942,65.687,3.942,-30.544,60.973,-11.98,19.21,14.211,56.413,-0.754,18.389,73.948,-19.02616,18.96316,6.78,-430.208992,168.692,30.429,21.174,0.0,28.213,-33.77384,9.621,168.692,-0.841,24.177,-0.44311641991535,91,20.033,37.794,0.902,89.643,57.246,-38.51884,0.0,14.995,-11.98,-33.77384,-52.8,15.647,4.745,60.973,504.156992,-11.98,27.627,60.973,-0.2067334788434109,-0.652,0.0,-33.77384,0.21436728478982,-1.595,112.279,14.211,0.902,-11.98,18.379,83.145,-52.737,15.647,15.695,-38.26554,0.687,19.074,56.413
6.556,84.636,40.428,2020-06-30 00:00:00,0.0,62.234,80.521,16.699,16.157,-0.966,50.498,-0.966,-16.936,44.841,-8.117,11.874,7.019,56.731,-3.019,17.974,69.266,-5.71966,5.73066,6.782,-432.976992,147.657,27.905,19.906,0.0,24.797,6.31566,-5.888,147.656992,-0.994,9.295,-0.3469831731466389,91,-17.086,25.549,1.24,85.423,6.648,0.72566,0.0,-15.843,-8.117,6.31566,0.596,-15.505,5.59,44.841,502.243008,-8.117,-7.388,44.841,-0.1710518580366232,-0.338,0.0,6.31566,-0.0537442973183487,-4.013,90.926,7.019,1.24,-8.117,15.631,75.889,0.585,-15.505,16.157,-29.91047,6.545,0.848,56.731
0.17,90.36,32.943,2020-09-30 00:00:00,0.0,54.398,80.843,17.148,16.494,4.678,37.823,4.678,-16.297,41.986,-2.22,15.051,5.551,64.671,-2.178,18.256,64.545,0.0109999999999992,0.0,6.782,-434.727008,135.437,25.689,23.198,0.0,19.95,7.607,-5.99,135.436992,-0.204,0.548,-0.1908195556777689,92,-5.976,19.128,1.0,81.039,-4.999,2.759,0.0,-3.398,-2.22,7.607,7.618,-3.398,4.848,41.986,499.272,-2.22,-1.178,41.986,-0.0967098038565323,0.0,0.0,7.607,0.2562445223488168,-2.382,70.766,4.427,1.0,-2.22,12.993,76.542,7.607,-3.398,16.494,-16.65454,0.147,-12.801,64.671
-0.029,84.019,27.198,2020-12-31 00:00:00,0.0,63.978,81.227,17.527,17.649,-4.292,52.576,-4.292,-25.292,47.853,-2.011,3.362,12.219,61.458,-4.744,12.557,59.605,-0.0617399999999999,0.00474,6.79,-435.764,141.232,22.561,16.8,0.0,17.527,-3.53326,-1.821,141.232,-4.383,0.876,-0.2184091413616236,92,10.452,33.874,1.77,77.254,0.274,0.78774,0.0,6.439,-2.011,-3.53326,-3.595,6.378,-4.321,47.853,495.368992,-2.011,8.389,47.853,-0.1059810835074756,0.061,0.0,-3.53326,-0.3418013856812932,-9.127,79.774,12.219,1.77,-2.011,9.671,67.176,-3.538,6.378,17.649,-18.69342,-0.034,3.122,61.458
2.875,91.043,40.439,2021-03-31 00:00:00,0.0,49.312,81.897,32.269,30.179,8.852,65.104,8.852,0.198,19.251,-1.198,8.272,5.438,71.594,-4.547,39.774,97.646,0.0,-0.98513,6.833,-439.577984,177.137,19.449,17.844,0.0,34.078,8.90287,-3.743,177.136992,-6.094,1.573,0.3014252345574851,90,-17.222,43.898,2.24,127.825,4.941,-2.82413,0.0,-17.37,-1.198,8.90287,9.869,0.544,11.727,19.251,537.224,-1.198,1.742,19.251,0.1115711547978025,-0.056,0.2,8.90287,0.2225574495901845,-10.641,105.543,5.438,2.24,-19.056,6.361,88.561,9.888,0.544,30.179,19.29227,2.87,-11.981,71.594
-4.456,93.792,35.601,2021-06-30 00:00:00,0.0,59.324,82.72,32.633,31.718,18.874,68.366,18.874,-6.628,22.884,-3.103,28.112,4.532,77.536,-4.734,47.023,90.461,0.0,4.48404,6.942,-444.951008,181.503,16.256,26.672,0.0,32.633,10.40104,14.191,181.503008,-1.186,-0.4,0.3482262953666947,91,2.936,40.525,3.25,122.179,-3.206,-4.01696,0.0,3.609,-3.103,10.40104,5.884,8.315,14.418,22.884,535.412,-3.103,11.418,22.884,0.1420442945679912,-0.059,0.21,10.40104,0.4013780490398315,-5.92,103.967,4.532,3.25,-7.75,2.968,117.61,5.917,8.315,30.207,23.37765,-4.457,11.839,77.536
