Non-Operating Income (Loss),StockBased Compensation,Line of Credit Available,Equity Charge,WACC Discount Factor,Other Accrued Liabilities,Operating Leases,Line of Credit,Total Current Liabilities,BALANCE SHEET,Total Liabilities & Equity,Operating Income,NonCash Items,Days in Period,Net Share Repurchases,"Cash, Cash Equivalents & STI",Misc LT Assets,Rental Expense - Years 2 - 5,"Selling, General & Admin",Revenue,ST Debt,-Net Share Repurchases,LTM Basic EPS,Rental Expense - Year 1,ST Capital Leases,Rental Expense Beyond Year 5,Dep & Amort,Work In Process,Total Liabilities / Tangible Assets,Current Liabilities,Other Adjustments,Free Cash Flow (LTM),Deferred Compensation,Other Operating Expenses,Free Cash Flow to Firm,ST Deferred Tax Assets,Cash (Repurchase) of Equity,Free Cash Flow to Equity,Deferred Tax Liabilities,Repayments of LT Debt,Other PostRet Benefits,Effect of Foreign Exchanges,Income (Loss) from Cont Ops,year + weight + convention,Free Cash Flow to Firm Model,Dividends,Net Extraordinary Losses (Gains),Net Cash From Disc Ops (fin),Period Weight,Pretax Income,LT Marketable Securities,ST Borrowings,Dividend Yield (LTM),Free Cash Flow per Share,LT Receivables,Prepaid Expenses,Cash % of Revenue,Diluted - Basic Shares,Diluted EPS,Operating Margin,Operating Expenses,Line of Credit Used,Interest & Dividends Payable,PP&E Gross,EBITDAR,A = L + SE,Inventories,Discontinued Operations NI,PV of Free Cash Flow to Firm,Pensions,Raw Materials,Other Non-Op Income (Loss),Bull,Discounted Residual Income (Bear)
-162.0,23668.999872,11169.000448,2011-03-31 00:00:00,-1.2250530785562632,9436.000256,3671.000064,2441.999872,3048.000064,1154.0,7351.000064,1154.0,3584.0,1968.0,-1082.0,3608.461568,2938.000064,18116.99968,-447,10085.000192,21759.000576,743.5,-407.5,340,-15272.999936,36637.000192,5552.000192,2787.461536,58,5651.999744,521.5,0,36636.99968,-886.0,-367.0,0.0889825183486055,90,0,4102.000064,85.21,27201.000448,-352.0,-425.5,-235.5,360.0,-1082.0,521.5,929.0,53,992.0,1968.0,37032.001536,-723.0,1135.000064,1968.0,0.0425014266542653,-41.0,1.83,521.5,-2.068100358422939,-1891.000064,18520.000512,999.0,85.21,-734.0,5517.000192,34680.000512,974.0,381.000064,479,1414.999984,-15.0,-946.0,18116.99968
-138.0,24444.999872,11290.999808,2011-06-30 00:00:00,-6.709090909090909,8885.999616,3712.999936,2416.0,3188.999936,1183.000064,6796.000256,1183.000064,3347.000064,2193.999872,-1375.000064,4067.461632,2590.000128,18904.0,-421,9930.999808,22528.0,1383.4,54.6,340,-15850.000384,36991.000064,5540.999872,3150.461536,6,5784.999936,661.6,0,36991.000576,-898.0,462.0,0.1032769071594349,91,0,4054.000064,74.76,28104.999936,494.0,-421.4,-55.0,226.0,-1375.000064,661.6,607.0,314,1045.0,2193.999872,38378.000384,-1375.000064,1688.999936,2193.999872,0.0514761389838001,-42.0,1.958,661.6,-2.0119048707483,-1907.000064,18087.000064,1127.000064,74.76,-1420.999936,5505.999872,36917.000192,569.0,299.999872,487,1711.35,8.0,-712.0,18904.0
-111.0,24505.999936,11818.999808,2011-09-30 00:00:00,1.0360490266762798,7479.000064,3708.999936,3113.999872,3309.999872,654.0,6606.000128,654.0,4765.000192,827.0,-2433.999872,3789.461632,2536.999936,18913.99968,-443,8714.999808,24167.000064,72.55001600000003,222.45,340,-16264.999936,37338.999616,5592.000256,2964.461536,-44,6270.999808,520.449984,0,37339.000832,-851.0,332.0,0.1029655994597861,92,0,4454.999936,52.46,29860.000256,138.0,-53.55,-693.5,-1367.000064,-2433.999872,520.449984,298.0,-1412,543.0,827.0,40432.001024,-2302.999872,1022.0,827.0,0.0502485017906119,-69.0,1.361,520.449984,-1.1160409556313993,-1880.0,18424.999936,1308.0,52.46,-2320.0,5548.000256,37664.0,267.0,-1271.999872,597,1779.399984,19.0,-1908.0,18913.99968
-301.0,24649.000192,12444.000256,2011-12-31 00:00:00,0.3693062368605466,8338.999808,3756.999936,3596.0,3779.999936,820.0,8099.999744,820.0,5705.999872,351.0,-2115.000064,3811.000064,3331.000064,18592.0,-460,9749.000192,24711.999488,0.0,517.849984,340,-14997.999616,39136.0,6057.000192,3099.000064,-69,6439.000064,386.849984,351,39136.002048,-1083.000064,616.0,0.1187558587587097,92,351,6040.0,56.8,30796.99968,244.0,-135.15,-713.5,-476.0,-2115.000064,386.849984,-131.0,-977,519.0,351.0,39709.999104,-2115.000064,1138.0,351.0,0.0560940238367271,477.0,1.261,386.849984,-1.2166172106824926,-2216.999936,20544.0,1406.0,56.8,-2091.000064,6005.000192,38479.998976,-134.0,-519.000064,455,2090.4,732.0,-2022.0,18592.0
-101.0,26135.00032,13299.00032,2012-03-31 00:00:00,16.36,8211.999744,3783.000064,3451.000064,4090.000064,906.0,8191.000064,906.0,6582.000128,396.0,-1856.0,3563.000064,3610.999936,19157.000064,-132,2896.0,26051.999744,83.89999999999998,-52.9,342,-15541.999616,40647.000448,6978.000256,2912.0,8,6359.000064,471.1,0,40647.000064,-926.0,-110.0,0.1102345175678168,91,0,5550.0,58.95,32434.999808,-240.0,-318.9,-50.0,45.0,-1856.0,471.1,545.0,-868,805.0,396.0,41593.99936,-1724.0,988.0,396.0,0.0527922978820302,829.0,1.529,471.1,0.3128453038674033,-1720.0,21490.000384,1662.0,58.95,-1772.0,6940.000256,31290.999808,539.0,153.0,444,2039.999968,3.0,-2943.0,19157.000064
-86.0,27803.99968,13571.00032,2012-06-30 00:00:00,2.481132075471698,7925.000192,3812.0,3371.000064,3866.999936,1228.999936,7084.000256,1228.999936,7436.000256,409.0,-1978.0,3608.999936,3222.0,19958.999808,-144,3324.0,26556.000256,222.699968,50.3,342,-15573.999616,40614.000384,7844.999872,3010.000064,-3,6025.000192,604.300032,0,40613.998592,-873.0,-193.0,0.1025631746034226,91,0,5302.999808,43.45,32689.000448,-78.0,-552.700032,-212.0,13.0,-1978.0,604.300032,549.0,-738,1143.000064,409.0,42130.00192,-1978.0,1240.0,409.0,0.0510972236648784,766.0,1.382,604.300032,0.3697352394705174,-1763.000064,20655.000576,2020.0,43.45,-1992.999936,7545.999872,24684.0,540.0,65.0,444,1982.7,19.0,-3995.0,19958.999808
-89.0,28492.999872,13712.0,2012-09-30 00:00:00,-0.5684660945549274,8157.000192,3840.0,3796.0,3703.0,880.0,7848.0,880.0,7312.999936,528.0,-2135.000064,3834.999936,3419.000064,20652.000128,-134,3072.0,28144.001024,304.950016,-118.95,342,-16122.000384,42212.000128,7840.999744,3258.000064,1,6492.0,356.049984,0,42211.999744,-971.0,540.0,0.0923580956884509,92,0,6261.999936,53.72,34055.001088,533.0,-399.950016,-632.6270000000001,119.0,-2135.000064,356.049984,557.0,-273,791.0,528.0,44266.000384,-1611.000064,1862.0,528.0,0.0457140698881056,-126.0,1.186,356.049984,0.2864583333333333,-1832.999936,21560.0,2503.000064,53.72,-1616.999936,7219.999744,19041.000192,510.0,157.999936,430,1818.3,15.0,-2856.0,20652.000128
-69.0,29313.999616,13856.0,2012-12-31 00:00:00,-0.7183356326953128,8386.999808,3865.999872,3155.000064,4039.000128,695.0,8382.000128,695.0,7469.000192,642.0,-1727.000064,3648.0,2998.0,21202.99936,-387,5718.000128,28807.000064,197.3,104.7,342,-16746.000384,43440.999488,8111.000256,3297.999872,-7,6532.000192,358.7,0,43441.000448,-1052.0,81.0,0.0885699126567879,92,0,6488.999936,52.96,35054.000128,385.0,-265.3,-557.4010000000001,114.0,-1727.000064,358.7,374.0,-157,626.0,642.0,45553.000448,-1540.000064,1570.0,642.0,0.0419959528582789,213.0,1.208,358.7,0.1215459923823212,-2183.000064,22238.000128,741.0,52.96,-1668.999936,7324.000256,12245.000192,256.0,275.999936,470,1733.949952,37.0,-2022.0,21202.99936
-107.0,29901.000384,10947.999744,2013-03-31 00:00:00,-1.5867003367003367,11418.000384,3912.0,3265.999872,3441.000128,1135.000064,8906.000384,1135.000064,6931.999744,444.0,-1516.0,3939.0,9320.999936,22525.000384,-383,6105.999872,25650.999296,726.550016,-555.550016,343,-14604.000256,42379.000512,7376.0,3588.000064,0,5475.999744,590.449984,0,42379.001856,-845.0,-1302.0,0.0920662462031851,90,0,3938.0,71.61,30960.999424,-1168.0,-440.550016,1188.0,-198.0,-1516.0,590.449984,1276.0,-697,1028.0,444.0,40255.000576,-190.0,819.0,444.0,0.0459976382300066,-756.0,1.586,590.449984,0.1858827526683577,-1916.999936,19854.000128,1176.0,71.61,-261.0,5472.0,18220.0,1143.000064,-123.0,362,1909.5,-1.0,-1865.0,22525.000384
-128.0,29773.00032,10721.999872,2013-06-30 00:00:00,-4.021472598600722,9991.999488,3947.000064,3169.999872,3396.999936,1052.0,6733.000192,1052.0,5074.999808,725.0,-1472.0,3762.000064,7797.0,23973.000192,-196,3068.999936,26169.99936,1137.449984,-1088.450048,343,-15025.000448,41428.000256,5800.000128,3369.0,-171,5275.999872,326.550016,0,41428.000768,-786.0,-937.0,0.0745363595834094,91,0,3715.0,66.49,31435.999232,-833.0,-412.449984,74.467,281.0,-1472.0,326.550016,1431.000064,-225,924.0,725.0,41194.999808,1000.999936,1247.000064,725.0,0.0397784061024619,-1902.0,1.412,326.550016,0.3427826725115969,-1596.0,17455.000064,1064.0,66.49,936.0,5446.000128,17964.999936,1600.0,560.0,264,1631.749984,-11.0,-1352.0,23973.000192
-91.0,30051.00032,11130.999808,2013-09-30 00:00:00,0.4711538461538461,9256.999936,3936.999936,3456.0,3355.999936,775.0,6922.999808,775.0,5888.0,321.0,-1407.000064,3657.000064,7426.999808,23842.000448,-179,2720.0,27413.999616,30.350015999999982,3.65,338,-15706.999808,41896.000064,6208.999872,3262.0,0,5712.999936,361.649984,-292,41896.001536,-710.0,-1.0,0.0739026410018297,92,-292,3621.000064,77.34,32638.999552,197.0,-324.350016,-104.0,-404.0,-1407.000064,361.649984,420.0,-153,684.0,321.0,43121.000448,-1404.000064,1254.0,321.0,0.0389344642384064,-171.0,1.444,361.649984,0.2849264705882353,-1570.0,18053.999616,1180.999936,77.34,-1487.000064,5417.999872,17612.999936,356.0,221.999936,298,1637.349984,-5.0,-1232.0,23842.000448
-73.0,30581.999744,11411.999744,2013-12-31 00:00:00,-6.2615384615384615,8599.000064,3823.000064,3161.999872,4202.000064,592.0,6558.000128,592.0,3984.0,1814.0,-1379.000064,3600.0,4810.0,24783.999488,-204,2721.999872,28771.00032,375.4499840000001,737.550016,325,-17178.999808,42753.99936,5798.000256,3196.999936,-84,5991.999872,1658.550016,0,42753.998848,-751.0,-1127.000064,0.0990220542692295,92,0,5206.999808,83.0,34155.00032,-1950.000064,1129.549952,-32.5,1492.999936,-1379.000064,1658.550016,1924.999936,171,519.0,1814.0,45950.001152,-723.000064,1550.0,1814.0,0.0527664014519119,-1447.000064,1.067,1658.550016,0.217487152034664,-1668.999936,17969.999872,1775.000064,83.0,1390.0,5420.000256,11905.000448,911.0,410.999936,1196,2274.099968,24.0,-897.0,24783.999488
-66.0,29817.99936,11201.000448,2014-03-31 00:00:00,-0.9701863354037268,7048.0,3727.000064,3297.999872,3226.000064,771.0,5981.000192,771.0,4288.0,1288.0,-1146.0,3190.0,2251.000064,24241.999488,-142,2672.999936,29166.000128,18.0,66.0,314,-17891.00032,41424.000128,5575.999872,2832.0,0,5766.999808,395.0,-227,41423.998976,-641.0,-129.0,0.1192710804361217,90,-227,5210.0,82.88,34376.0,5.0,-275.0,402.5,-526.0,-1146.0,430.0,386.0,12,705.0,1288.0,47056.9984,90.999936,1158.0,1288.0,0.0654332181134274,-1422.0,1.014,430.0,0.2884399620127787,-1508.999936,17182.00064,1531.000064,82.88,-262.0,5433.999872,11183.999744,364.0,915.999936,534,2741.750016,15.0,-195.0,24241.999488
-110.0,30430.99936,11459.999744,2014-06-30 00:00:00,-3.491438356164384,8766.999552,3761.999872,3091.000064,3210.000064,429.0,5256.999936,429.0,3872.0,2204.999936,-1194.0,2567.0,3637.0,24353.999424,-143,2828.999936,27235.999744,569.2,-720.2,308,-17920.999424,41070.999104,6076.999936,2227.0,-1,5507.000064,254.8,-365,41071.0016,-1051.0,-339.0,0.1123063513545217,91,-365,4502.0,98.89,32304.0,-361.0,-65.2,116.8,917.0,-1194.0,253.8,931.0,-291,319.0,2204.999936,45156.999168,416.0,903.0,2204.999936,0.0647280554518717,-226.0,1.176,253.8,0.1516436937805572,-1979.000064,16716.99968,1220.999936,98.89,240.0,5952.999936,10943.999744,974.0,1750.0,498,2670.0,-25.0,-261.0,24353.999424
-133.0,30361.000128,11594.999808,2014-09-30 00:00:00,-0.7692307692307693,8865.000448,3716.0,3350.000128,2585.0,613.0,5015.000064,613.0,1876.0,4120.0,-1346.0,2405.0,1585.0,24365.000192,-139,2678.000128,27666.999296,639.4,-71.4,299,-18474.999808,40975.000064,5995.999936,2023.0,-3,5666.000128,265.6,596,40974.999552,-665.0,-1304.0,0.1086238486084538,92,596,4686.999936,94.32,32109.999104,-1131.0,-192.4,-104.0,1915.000064,-1346.0,265.6,1008.0,-24,480.0,4120.0,46142.001152,-1215.0,1322.0,4120.0,0.062119438216192,-992.0,1.068,265.6,0.2289021548545646,-1642.0,16609.999872,1254.0,94.32,1584.999936,5928.999936,10901.999872,359.0,54.0,500,2573.950016,-58.0,-132.0,24365.000192
-111.0,28307.0,11235.999744,2014-12-31 00:00:00,-0.6163920574566962,6312.999936,3563.000064,2908.0,2719.000064,291.0,4850.999808,291.0,3543.000064,2444.0,-1504.0,2150.000128,2141.0,22319.999936,-164,2556.999936,27516.99968,-978.05,53.05,286,-19004.99968,38406.999488,5987.000064,1706.0,4,5317.0,47.05,-22,38407.000064,-167.0,-416.0,0.0518295178658242,92,555,4782.999936,73.82,32093.999616,-357.0,-131.95,-1183.5,-1676.0,-1504.0,47.05,-8.0,-454,180.0,2444.0,46521.99936,-1504.0,1050.0,2444.0,0.0299663647392639,-1195.000064,0.199,47.05,0.113805243364699,-1206.0,16086.999552,1700.0,73.82,-1531.000064,5919.000064,10737.000448,-5.0,-446.0,348,1216.050048,-29.0,-757.0,22319.999936
-73.0,27646.99936,10967.000064,2015-03-31 00:00:00,0.3267626990144048,4322.999808,3592.999936,3262.000128,2712.0,-458.0,3467.000064,-458.0,4473.999872,1506.0,-1311.000064,875.0,971.0,21666.999296,-147,1538.0,27207.999488,-200.0,93.0,287,-19750.00064,36100.999424,5980.000064,448.0,8,5056.000128,-283.0,-236,36101.001216,-615.0,145.0,0.0123747574828688,90,56,3394.000064,67.87,31777.99936,-176.0,248.0,-659.5,-938.0,-1311.000064,-283.0,-389.0,-875,-531.0,1506.0,46957.99808,-1311.000064,436.0,1506.0,0.0073382779566726,-148.0,-1.06,-283.0,-0.2977893368010403,-1718.0,14434.000128,866.0,67.87,-1226.0,5911.000064,9602.0,-376.0,-892.000064,356,284.45,12.0,-1644.0,21666.999296
-104.0,27059.999552,10961.999872,2015-06-30 00:00:00,0.4100074682598954,3926.000128,3616.0,3248.999936,2861.0,-199.0,3492.999936,-199.0,5025.999872,931.0,-1186.0,247.0,962.0,21102.999552,-151,1952.999936,27298.000896,-352.0,406.0,287,-20579.999744,35557.99936,5957.0,-174.0,-2,5073.999872,-147.0,-5,35557.998592,-617.0,430.0,-0.005174162374302,91,-5,3415.000064,66.88,31632.001024,268.0,156.0,-334.75,-575.0,-1186.0,-147.0,-567.0,-472,-303.0,931.0,47878.00064,-1186.0,714.0,931.0,-0.0030628091115888,-100.0,-0.706,-147.0,-0.1018945245884534,-1796.0,14454.999808,934.0,66.88,-1188.999936,5888.0,8726.0,-553.0,-489.0,357,-117.35,-18.0,-1825.0,21102.999552
-66.0,28914.99968,11468.99968,2015-09-30 00:00:00,16.46153846153846,5597.000192,4383.000064,3376.999936,2502.999936,-473.0,2624.0,-473.0,3539.000064,3012.999936,-963.0,-839.0,943.0,22362.999808,-119,1671.000064,26883.00032,-159.0,0.0,286,-21255.000064,36455.999488,6551.999872,-1193.0,2308,4994.999936,-266.0,-331,36456.001536,-144.0,-152.0,-0.0284752084247476,92,-331,2543.0,50.06,30859.00032,-417.0,300.0,-39.0,2082.0,-963.0,-266.0,-279.0,-681,-539.0,3012.999936,48137.998336,-938.0,282.0,3012.999936,-0.0167620201439077,2756.0,-1.197,-266.0,-0.2830640226713959,-1251.000064,14092.99968,838.0,50.06,-956.0,6473.999872,7718.999936,-239.0,-73.0,394,-648.95,18.0,-2482.0,22362.999808
-173.0,26992.999744,11128.000512,2015-12-31 00:00:00,-0.5162790697674419,4403.999744,4413.000192,2816.0,3025.999936,-542.0,2628.0,-542.0,3876.0,2716.0,-935.0,-1588.0,461.0,20400.999872,-140,1474.0,26352.001024,-1490.0,1400.0,286,-20473.99936,34157.000384,6591.999872,-2055.000064,-34,4622.0,-413.0,-410,34157.000704,-41.0,1715.000064,-0.0545310285992151,92,224,2541.999936,48.48,29753.00096,1241.000064,324.0,-645.0,-297.0,-935.0,-413.0,-1820.999936,-312,-715.0,2716.0,46826.000384,-910.0,623.0,2716.0,-0.0312551675210301,-11.0,-1.472,-413.0,-0.3677069199457259,-1164.0,13756.000512,442.0,48.48,-909.0,6505.999872,6636.000256,-1791.000064,-193.0,373,-1134.0,-87.0,-2340.0,20400.999872
-65.0,28225.999936,10981.000192,2016-03-31 00:00:00,2.1187939440359944,4944.999936,5464.999936,3163.000064,3247.0,-769.0,2192.999936,-769.0,3035.000064,3556.999936,-620.0,-1983.0,375.0,21634.000064,-98,973.0,26240.999424,186.0,0.0,317,-21451.999232,34808.000192,6591.999872,-2391.0,-38,4483.000064,-509.0,-375,34808.000512,-151.0,-22.0,-0.0643319750820931,91,-71,2078.0,52.65,29862.999552,-348.0,346.0,-218.033,841.0,-620.0,-515.0,-509.0,-680,-834.0,3556.999936,47693.000704,-620.0,-60.0,3556.999936,-0.0376538935104721,1514.0,-1.834,-515.0,-0.7903391572456321,-1116.999936,13174.000128,360.0,52.65,-613.0,6497.999872,6071.0,-488.0,-123.0,415,-1335.0,20.0,-2145.0,21634.000064
-40.0,27726.000384,10920.999936,2016-06-30 00:00:00,-186.77777777777777,4631.000064,5484.000256,3244.0,3459.000064,-546.0,2139.000064,-546.0,3456.999936,3095.000064,-615.0,-2330.0,359.0,21174.000512,-106,1224.0,25769.00096,-60.0,57.0,317,-22139.000832,34234.000512,6551.999872,-2674.0,0,4471.000064,-335.0,159,34233.99936,-590.0,121.0,-0.0758235538944397,91,-41,2036.999936,60.1,29603.000832,-167.0,270.0,2.25,-462.0,-615.0,-347.0,-392.0,-418,-586.0,3095.000064,47907.999744,-535.0,197.0,3095.000064,-0.0436439719363659,-132.0,-1.238,-347.0,-0.446078431372549,-1492.999936,13060.0,316.0,60.1,-527.0,6449.999872,5342.000064,-373.0,-393.0,416,-1523.0,45.0,-2091.0,21174.000512
-65.0,28251.999552,10926.999552,2016-09-30 00:00:00,-0.3211016762240846,4893.000192,5505.999872,3041.999872,3653.999936,-479.0,2616.999936,-479.0,3808.0,3528.999936,-529.0,-2336.0,197.0,20914.999488,-106,1176.999936,25536.999424,134.150016,4.85,317,-22879.000576,34458.998976,7337.000064,-2679.0,-12,4255.999872,-334.150016,-78,34459.000832,-69.0,53.0,-0.0798714116154531,92,97,1944.999936,53.62,29565.99936,-237.0,231.85,-290.176,434.0,-529.0,-346.150016,-339.0,-197,-544.0,3528.999936,48415.997952,-529.0,332.0,3528.999936,-0.0448748491255215,628.0,-1.24,-346.150016,-0.4069668870398307,-986.0,13543.999488,190.0,53.62,-526.0,6671.000064,4847.999936,-317.0,522.000064,397,-1591.150016,19.0,-1607.0,20914.999488
-82.0,22397.000192,10778.999808,2016-12-31 00:00:00,-0.4256092644587705,4276.0,5516.000256,2324.999936,375.0,-455.0,2251.000064,-455.0,4073.999872,2732.0,-487.0,-3236.999936,289.0,15591.000064,-105,1388.0,23594.999808,-4912.4,4591.399936,317,-23311.998976,28620.999936,6806.000128,-3520.999936,-17,4084.999936,-300.6,216,28621.000704,-27.0,1163.000064,-0.3572679655380162,92,110,2138.999936,62.29,24344.999808,4340.0,230.4,-280.297,-797.0,-487.0,-311.6,-4892.000256,-161,-537.0,2732.0,46906.998784,-427.0,326.0,2732.0,-0.1884593352870314,-699.0,-1.072,-311.6,-0.3278097982708933,-900.0,13029.999872,281.0,62.29,-424.0,6694.000128,4761.999872,-4897.999872,-704.0,316,-5915.550208,2.0,-1456.0,15591.000064
-89.538464,22018.00032,10741.000192,2017-03-31 00:00:00,-0.7371794871794872,4171.000064,5548.000256,2947.000064,353.0,-214.0,2126.0,-214.0,4099.000064,2686.000128,-390.0,-1694.0,213.0,15233.000128,-95,1258.0,23200.999424,45.44998399999997,3.55,318,-24049.000448,28100.00032,6785.000192,-1974.538464,8,4072.0,-320.449984,-109,28099.999744,-82.0,-10.0,-0.0797594945702336,90,-49,2011.000064,48.21,23928.999424,-15.0,11.088462,-156.0,-46.0,-390.0,-332.449984,-324.0,-41,-303.538464,2686.000128,47250.00192,-290.0,349.0,2686.000128,-0.0411012906065694,-105.0,-1.101,-332.449984,-0.1701112877583465,-914.0,12867.000192,196.0,48.21,-290.0,6669.000192,5046.999936,-296.0,26.0,330,-1292.8,-5.5384615,-817.0,15233.000128
-55.923076,21810.999424,10602.000384,2017-06-30 00:00:00,0.062993321702274,4270.000128,5569.999872,2875.000064,385.0,-340.0,2118.0,-340.0,4240.999936,2492.0,-480.0,-1488.0,541.0,15077.99968,-95,1196.999936,22793.00096,141.10000000000002,18.9,318,-24265.00096,27798.000064,6732.999744,-1784.461536,-182,3990.000128,-430.1,-76,27797.999616,-74.0,-107.0,-0.0875690855655664,91,-69,2000.0,43.87,23528.00096,-58.0,-2.176923,-296.333,-194.0,-480.0,-441.1,-449.0,-315,-395.923072,2492.0,47058.00192,-401.0,165.0,2492.0,-0.0447478728047108,42.0,-1.295,-441.1,-0.2840434571251305,-910.0,12720.000384,124.0,43.87,-401.0,6611.999744,5019.999872,-417.0,67.0,360,-1387.9,26.076924,-714.0,15077.99968
-75.461536,21142.000192,9957.999616,2017-09-30 00:00:00,-25.285714285714285,4083.000064,5591.000064,2782.000128,1878.0,-274.0,2214.000128,-274.0,4188.0,2526.000128,-513.0,-1283.0,290.0,14428.000192,-111,1348.0,20278.99904,-1384.4,1441.400064,318,-27576.000512,26599.999936,6714.0,-1589.923072,332,3366.000128,817.4,-1,26599.999488,-61.0,2148.0,-0.0176838457739492,92,-161,2095.0,46.89,22516.999168,113.999936,1197.861504,17.5,34.0,-513.0,806.4,-624.0,-425,-349.461536,2526.000128,47855.0016,91.0,88.0,2526.000128,-0.0077416918967336,-144.0,-1.303,806.4,-0.2032640949554896,-931.0,12171.999744,142.0,46.89,90.0,6592.0,5190.999936,-593.0,87.0,398,-236.349984,3.5384615,-942.0,14428.000192
-48.076924,19331.000512,8322.999808,2017-12-31 00:00:00,-1.2130237253912166,6157.000192,5565.000192,1128.0,403.0,-299.0,2435.000064,-299.0,2130.0,4847.000064,-554.0,-1119.000064,55.0,12354.00032,-125,1663.000064,16192.0,-1311.300032,2109.299968,315,-16312.000512,23112.000192,6977.000192,-1392.999936,-61,1926.0,-567.699968,108,23111.999488,-356.0,2502.000128,-0.1039287906176708,92,-203,1841.999936,47.47,16955.0,2577.000128,-178.623072,990.5,2320.999936,-554.0,-579.699968,-2676.999936,-211,-347.076928,4847.000064,32504.000512,1958.999936,343.0,4847.000064,-0.0473102279573277,19.0,-0.903,-579.699968,-0.1797955432910915,-1127.000064,10757.999872,54.0,47.47,1959.000064,6397.000192,5465.999872,-2635.000064,2569.999936,382,-1223.750016,31.923076,-992.0,12354.00032
-55.873416,18504.99936,8231.000064,2018-03-31 00:00:00,-0.1023636183250105,5014.000128,5434.999808,1434.0,517.0,104.0,1904.0,104.0,2841.999872,3726.000128,-400.0,-809.0,65.0,11936.999616,-110,1346.0,16181.000192,95.3,31.7,308,-16725.000192,22071.99968,6567.999744,-1044.334952,-15,1859.0,-74.3,-136,22072.000512,-69.0,76.0,-0.0253950743920626,90,-154,1712.000064,50.62,17058.000192,53.0,-81.426584,-211.667,-1120.999936,-400.0,-85.3,-106.0,-190,48.126584,3726.000128,32906.000384,-394.0,210.0,3726.000128,-0.0101530720999922,-909.0,-0.492,-85.3,0.0772659732540861,-596.0,10135.000064,52.0,50.62,-422.0,6371.999744,5554.0,-65.0,-629.0,495,-254.699968,47.126584,-1141.0,11936.999616
-77.0,17774.99968,8183.000064,2018-06-30 00:00:00,-0.0215827338129496,4694.000128,5226.999808,1407.000064,541.0,129.0,1944.999936,129.0,3531.000064,2908.0,-493.0,-340.0,513.0,11335.99968,-129,1534.0,15868.99968,41.25,19.75,300,-16170.999808,21463.99968,6439.0,-596.41188,4,1831.000064,-110.25,38,21464.000512,-94.0,101.0,0.0016945431857582,91,-11,1822.0,66.89,16769.99968,122.0,-119.25,-69.5,-818.0,-493.0,-122.25,-130.0,-68,52.0,2908.0,32039.999488,-466.0,425.0,2908.0,0.0026450420945441,-759.0,-0.303,-122.25,0.0840938722294654,-667.0,10128.0,59.0,66.89,-484.0,6352.0,5891.000064,-87.0,-210.0,523,65.150032,21.0,-894.0,11335.99968
-78.0,17740.0,8463.000064,2018-09-30 00:00:00,-1.849876876811436,4501.000192,5167.000064,1428.999936,593.0,196.0,1958.0,196.0,3689.999872,3004.0,-540.0,130.0,118.0,11046.000064,-143,1792.999936,16012.99968,35.74,-4.74,296,-16606.000128,21467.000128,6693.999936,-128.950344,3,1853.999936,-46.74,-33,21467.000832,-208.0,197.0,-0.0781240715606618,92,-248,1860.0,71.58,16965.99968,224.0,-119.74,137.667,96.0,-540.0,-57.74,-42.0,-117,118.0,3004.0,32618.999808,34.0,423.0,3004.0,-0.0332448441833617,-332.0,0.004,-57.74,0.1093140027864451,-840.0,10421.000064,52.0,71.58,5.0,6608.999936,6336.0,3.0,427.0,583,-798.989968,21.0,-586.0,11046.000064
-67.0,17560.000448,8342.000128,2018-12-31 00:00:00,-2.6953125,4458.999808,5103.003136,1041.0,531.0,145.0,2203.000064,145.0,3977.999872,2694.000128,-664.0,574.0,1003.0,10888.000256,-91,1650.0,16083.00032,294.57,13.43,291,-17139.00032,21433.000448,6672.000192,286.0,-175,1737.0,9.43,217,21432.999936,-117.0,76.0,-0.0282498669927526,92,349,2134.0,40.5,16974.00032,3.0,-30.57,-128.0,-310.0,-664.0,-2.57,-4.0,217,78.0,2694.000128,33222.00064,-664.0,881.0,2694.000128,-0.0103203503411049,-526.0,-0.382,-2.57,0.0878787878787878,-741.0,10545.000192,519.0,40.5,-665.0,6605.000192,6322.999808,34.0,181.996992,434,-229.86,32.0,-158.0,10888.000256
-71.0,18202.99968,8892.000256,2019-03-31 00:00:00,0.8991228070175439,3833.999872,5784.999936,1236.0,579.0,247.0,2271.000064,247.0,5350.000128,2300.0,-671.0,717.0,240.0,10552.999936,-87,1572.0,16942.999552,-345.53,5.53,304,-17547.999232,21716.000256,7649.999744,424.0,-12,1656.0,37.53,-196,21716.000768,-66.0,24.0,-0.0153861247097716,90,-342,1855.999936,60.23,17881.999552,50.0,-95.47,-228.0,-394.0,-671.0,33.53,32.0,-433,176.0,2300.0,34490.998784,-671.0,238.0,2300.0,-0.0050255776369612,48.0,-0.266,33.53,0.1571246819338422,-651.0,11163.00032,144.0,60.23,-680.0,7235.999744,6548.999936,75.0,-838.996992,557,-110.03,27.0,-401.0,10552.999936
-82.0,17779.99968,8832.0,2019-06-30 00:00:00,-1.1666666666666667,3684.0,5816.999936,1508.0,607.0,230.0,2332.0,230.0,5040.999936,2208.0,-624.0,818.0,230.0,10530.999808,-89,1660.0,17043.999744,16.22,-14.22,304,-17991.000064,21694.999808,7248.999872,520.0,-11,1926.0,-20.22,80,21695.000576,-85.0,43.0,-0.0050291585390328,91,123,1988.999936,63.57,18010.999744,64.0,-128.22,-306.0,-92.0,-624.0,-20.22,-6.0,51,148.0,2208.0,35035.000832,-602.0,675.0,2208.0,-0.000926805509665,-150.0,-0.129,-20.22,0.1385542168674698,-668.0,11164.0,138.0,63.57,-617.0,6905.999872,6674.999936,34.0,10.0,586,-20.0,15.0,-282.0,10530.999808
-155.0,17348.999808,9109.999616,2019-09-30 00:00:00,-0.2176656151419558,3398.000128,5848.0,1800.999936,589.0,108.0,2344.0,108.0,5309.000192,1863.000064,-709.0,730.0,195.0,10176.999936,-90,1580.0,17283.999744,-130.37,2.37,305,-18506.000384,21630.999552,7171.999872,355.0,-1,2211.999936,-209.63,11,21631.000576,-94.0,223.0,-0.0221197797133033,92,-59,2070.0,60.48,18232.999744,188.0,-116.63,-317.0,-327.0,-709.0,-209.63,-212.0,-248,-47.0,1863.000064,35790.000128,-709.0,461.0,1863.000064,-0.00848716850086,-67.0,-0.335,-209.63,0.0683544303797468,-728.0,11453.999616,124.0,60.48,-721.0,6897.999872,6462.0,-166.0,-237.0,571,-182.89,-65.0,-413.0,10176.999936
-79.0,17638.000192,9566.000128,2019-12-31 00:00:00,1.11787072243346,3156.0,5896.0,1136.0,706.0,18.0,2510.000128,18.0,6386.999808,1544.999936,-825.0,603.0,306.0,9706.0,-131,1683.000064,17560.000512,74.63,2.37,305,-19005.999104,21782.000256,7932.000192,216.0,-318,1833.0,-219.63,125,21781.999616,-155.0,-85.0,-0.0467727359905119,92,-101,2310.000064,66.81,18626.000512,5.0,-119.63,-263.0,-336.0,-825.0,-219.63,-222.0,-557,-61.0,1544.999936,36565.999616,-825.0,268.0,1544.999936,-0.0190651403573107,221.0,-0.522,-219.63,0.0106951867590659,-872.0,12076.000256,180.0,66.81,-825.0,7733.000192,6495.000064,-183.0,57.0,561,-411.950016,16.0,-1187.000064,9706.0
-98.0,17107.999424,10592.0,2020-03-31 00:00:00,1.4012927066367096,4270.000128,5939.999744,1483.000064,703.0,-189.0,1947.000064,-189.0,6849.999872,2080.0,-818.0,167.0,1166.0,8177.999744,-102,1354.0,15384.000512,3163.719744,-2225.720064,307,-16892.99968,20716.999808,8929.99968,-247.0,-70,1811.000064,-4658.719744,-326,20717.000704,-199.0,2409.999872,-0.6176036588779957,91,-37,1796.0,33.3,16447.000512,2353.999872,-4304.719872,-155.333,535.0,-818.0,-4658.719744,-2432.999936,-373,-287.0,2080.0,32277.000192,-818.0,445.0,2080.0,-0.2407654215726745,908.0,-0.616,-4658.719744,-0.1395864106351551,-862.0,12539.000064,68.0,33.3,-818.0,8780.99968,6277.000064,-2366.000128,686.0,626,-5108.199744,15.0,-1127.0,8177.999744
-118.0,16261.999744,10616.000512,2020-06-30 00:00:00,0.4834123222748815,3115.000064,5957.000192,1514.0,720.0,-156.0,1564.0,-156.0,7249.999872,1646.0,-579.0,-219.0,513.0,7366.000192,-89,833.0,15351.000064,-424.42,-1.58,307,-17383.999488,19546.000704,8895.999552,-669.0,-64,1833.0,-321.58,-257,19545.99936,-41.0,86.0,-0.1156937977306136,91,-17,1451.0,51.81,16431.000064,94.0,9.42,-211.0,-434.0,-579.0,-321.58,-320.0,-313,-274.0,1646.0,32735.000576,-568.0,266.0,1646.0,-0.0440125118890618,-130.0,-1.139,-321.58,-0.1872749099639856,-639.0,12180.000512,63.0,51.81,-570.0,8782.999552,5450.000064,-263.0,-292.0,642,-907.56,1.0,-1473.0,7366.000192
-101.0,15826.99968,10661.000192,2020-09-30 00:00:00,9.60988548640837,3136.0,5975.000064,1507.000064,739.0,-67.0,1426.0,-67.0,7660.000256,1284.999936,-426.0,-394.0,730.0,6882.000064,-84,1159.000064,14734.000128,-183.9,7.9,307,-15930.999808,18969.000256,8944.999616,-790.0,-66,1823.000064,-235.1,-150,18968.999936,-95.0,138.0,-0.1258810032341888,92,-301,1290.0,40.93,15833.000192,162.0,-7.1,-27.333,-361.0,-426.0,-235.1,-243.0,-290,-168.0,1284.999936,30665.00096,-426.0,136.0,1284.999936,-0.045962068385897,-71.0,-0.666,-235.1,-0.0578084523729586,-697.0,12087.000192,247.0,40.93,-426.0,8837.999616,5029.000128,-183.0,-219.0,672,-933.03,17.0,-1515.0,6882.000064
-101.0,15410.000576,10862.999552,2020-12-31 00:00:00,-0.8014184397163121,3080.999936,5991.000064,1264.0,671.0,70.0,1623.000064,70.0,7336.0,1739.000064,-374.0,-342.0,173.0,6335.000064,-82,1320.999936,14709.000192,-331.96000000000004,-60.04,307,-16403.999744,18820.99968,9075.000512,-760.0,-68,1879.0,-157.04,184,18820.999168,-89.0,91.0,-0.1521407284907783,92,-44,1477.000064,52.79,15740.000192,141.0,-56.04,564.0,454.0,-374.0,-157.04,-97.0,112,-31.0,1739.000064,31113.00096,108.0,486.0,1739.000064,-0.0528256548589019,-139.0,-0.659,-157.04,0.0529901615377519,-657.0,12485.999616,104.0,52.79,107.0,8984.000512,4666.999808,-27.0,599.0,570,-1072.44,17.0,-864.0,6335.000064
-96.0,15748.999744,10618.000384,2021-03-31 00:00:00,-0.2509090909090909,3521.999872,6087.000064,1368.999936,659.0,559.0,1690.0,559.0,7240.0,1866.0,-385.0,406.0,426.0,6643.000064,-94,1898.0,14410.000384,0.0,3.16,308,-16778.999808,18951.000448,9105.99968,-10.0,-54,1692.999936,255.16,-40,18951.000064,-66.0,99.0,-0.0715605493133583,90,-210,1507.0,70.76,15429.000384,153.0,-123.84,275.0,127.0,-385.0,255.16,252.0,206,463.0,1866.0,31189.000192,-385.0,591.0,1866.0,-0.0231198946819582,-79.0,0.357,255.16,0.2945205479452055,-556.0,12308.000384,197.0,70.76,-385.0,8924.99968,5211.0,336.0,191.0,618,-458.56,21.0,-285.0,6643.000064
-99.0,15654.0,10106.999808,2021-06-30 00:00:00,7.835555920849856,3968.999936,6168.999936,1446.0,652.0,387.0,2527.000064,387.0,6691.999744,2430.000128,-355.0,949.0,296.0,6531.999936,-84,1579.000064,14184.999936,0.0,151.74,310,-16284.99968,19165.999808,9122.000064,552.0,-78,1764.0,78.74,0,19165.999104,-86.0,315.0,-0.0098022384919633,91,126,1748.0,87.32,15196.999936,347.0,-123.26,48.667,564.0,-355.0,78.74,-73.0,430,288.0,2430.000128,30470.00064,-58.0,785.0,2430.000128,-0.0030088862528841,-161.0,0.199,78.74,0.2450918203382669,-555.0,12633.999872,68.0,87.32,-60.0,8343.000064,5957.000064,13.0,658.0,631,-58.24,19.0,458.0,6531.999936
