Non-Operating Income (Loss),StockBased Compensation,Line of Credit Available,Equity Charge,WACC Discount Factor,Other Accrued Liabilities,Operating Leases,Line of Credit,Total Current Liabilities,BALANCE SHEET,Total Liabilities & Equity,Operating Income,NonCash Items,Days in Period,Net Share Repurchases,"Cash, Cash Equivalents & STI",Misc LT Assets,Rental Expense - Years 2 - 5,"Selling, General & Admin",Revenue,ST Debt,-Net Share Repurchases,LTM Basic EPS,Rental Expense - Year 1,ST Capital Leases,Rental Expense Beyond Year 5,Dep & Amort,Work In Process,Total Liabilities / Tangible Assets,Current Liabilities,Other Adjustments,Free Cash Flow (LTM),Deferred Compensation,Other Operating Expenses,Free Cash Flow to Firm,ST Deferred Tax Assets,Cash (Repurchase) of Equity,Free Cash Flow to Equity,Deferred Tax Liabilities,Repayments of LT Debt,Other PostRet Benefits,Effect of Foreign Exchanges,Income (Loss) from Cont Ops,year + weight + convention,Free Cash Flow to Firm Model,Dividends,Net Extraordinary Losses (Gains),Net Cash From Disc Ops (fin),Period Weight,Pretax Income,LT Marketable Securities,ST Borrowings,Dividend Yield (LTM),Free Cash Flow per Share,LT Receivables,Prepaid Expenses,Cash % of Revenue,Diluted - Basic Shares,Diluted EPS,Operating Margin,Operating Expenses,Line of Credit Used,Interest & Dividends Payable,PP&E Gross,EBITDAR,A = L + SE,Inventories,Discontinued Operations NI,PV of Free Cash Flow to Firm,Pensions,Raw Materials,Other Non-Op Income (Loss),Bull,Discounted Residual Income (Bear)
-0.063,395.626224,136.74848,2010-09-30 00:00:00,0.0,132.127704,78.988208,5.387421,0.166896,31.397,64.918836,31.397,-63.73722,63.73722,-12.514,91.416297,23.041153,395.626224,-2.997,53.097,464.998944,-0.8770000000000024,0.0,0.7993,-94.112936,597.29354,0.0,91.760201,-0.016,136.748477,19.818,9.241,597.293504,-0.073,0.623,0.1488161802078984,92,-10.318,63.584855,49.78074023999999,465.16584,0.914,-11.516,0.0,11.268,-12.514,19.818,18.941,12.25,31.334,63.73722,559.111872,-12.514,24.764,63.73722,0.1012455994827217,-0.882,0.0,19.818,0.0,-3.07,201.667316,18.774536,49.78074023999999,-12.614,0.0,176.504524,19.818,12.25,0.121527,56.444689,-0.000336,22.652097,395.626224
-0.022,392.29808,136.908048,2010-12-31 00:00:00,0.0,111.584664,80.083776,6.352933,0.801587,15.736,49.869076,15.736,-43.434892,43.434892,-30.218,76.313989,22.865375,392.29808,-3.281,48.236,466.688928,1.86,0.0,0.805402,-110.20904,579.075204,0.0,76.639949,-0.447213,136.908053,9.907,-30.555,579.0752,-9.867,6.88,0.1216449800552252,92,-34.655548,49.084594,57.93,467.490515,6.606,-5.807,0.0,-44.221856,-30.218,9.907,11.767,-30.295548,15.714,43.434892,576.897984,-30.218,-0.077549,43.434892,0.0809614422893101,-8.854213,0.0,9.907,0.0,-13.148,186.777124,12.601723,57.93,-35.290096,0.0,178.660156,9.907,-30.295549,0.534111,47.119619,7.7e-05,-35.930935,392.29808
-0.037,409.094304,138.436096,2011-03-31 00:00:00,0.0,135.350624,80.083776,8.909224,0.8820520000000001,25.796,51.866352,25.796,-80.060704,80.060704,-12.49513,99.075884,10.375628,409.094304,-5.661,51.805,463.164064,0.1560000000000023,0.0,0.805402,-125.574072,599.396752,0.0,98.825168,-0.012075,138.436096,16.641,15.631858,599.396736,-1.689,0.565144,0.1560302511707309,90,36.315968,51.311631,63.24,464.046116,-0.348125,-9.118,0.0,60.54478,-12.49513,16.641,16.79698,56.956948,25.759,80.060704,588.738176,-12.49513,69.45208,80.060704,0.1040665244869065,-0.012259,0.0,16.641,0.0,-7.35,190.302448,9.416847,63.24,-8.895038,0.0,192.61942,16.641,56.95695,0.522323,61.776593,-0.037,11.346932,409.094304
0.237893,426.623,132.083,2011-06-30 00:00:00,0.0,204.878,80.083,8.611,1.346,27.735108,78.224,27.735108,-150.007008,150.007008,0.0,99.954,10.904,426.623,-0.315146,40.06064,430.705984,-1.4685699999999997,0.17745,0.805,-129.702,636.93,0.0,100.07,-0.019,132.083,18.996874,20.785,636.929984,1.297401,2.091,0.1607966206812813,91,21.732,73.768,58.44,432.051984,-4.058,-8.976126,0.0,69.947,0.0,18.996874,17.528,46.42,27.973,150.007008,560.408,0.0,46.42,150.007008,0.1051686844804092,-0.019,0.0,18.996874,0.0,0.982255,210.307,10.81,58.44,23.546,0.0,201.720992,18.819424,46.42,1.346,64.636448,0.153152,70.565,426.623
-0.077,427.995,132.419,2011-09-30 00:00:00,0.0,187.988992,80.083,9.04,1.455,25.086,54.534,25.086,-137.448,137.448,-11.476,94.353108,8.859,427.995,-2.248,44.203,425.504,-0.6820000000000004,0.0,0.805,-140.472,614.948,0.0,94.455,0.0,132.419,15.586,-1.868,614.947968,-0.024,1.031,0.1484441445136921,92,-14.208,54.071,54.71,426.959,0.939,-9.423,0.0,-12.559,-11.476,15.586,14.904,1.113,25.009,137.448,565.976,-11.476,12.589,137.448,0.1008559357388492,-13.532,0.0,15.586,0.5675180417618713,-2.272,186.953,8.859,54.71,-11.616,0.0,184.30464,15.586,1.113,1.455,61.130874,-0.077,74.1944,427.995
-0.051,444.003,132.921,2011-12-31 00:00:00,0.0,208.138,80.083,8.748,1.424,31.024,44.893,31.024,-152.09,152.09,-1.551,109.641108,8.125,444.003,-2.304,53.907,412.255008,0.0,0.0,0.805,-153.838,621.817,0.0,109.714,0.0,132.921,19.59,-22.457,621.817024,-0.033,0.169,0.1693501914406232,92,-14.073,44.274,58.18,413.679008,1.122,-11.383,0.0,14.642,-1.551,19.59,19.476,18.511,30.973,152.09,566.092992,-1.551,20.062,152.09,0.1179354359779749,-3.468,0.0,19.59,0.5755096740683029,-2.337,177.814,6.993,58.18,-1.952,0.0,189.97564,19.59,18.511,1.424,70.813874,-0.051,123.000948,444.003
0.042,458.422984,128.596,2012-03-31 00:00:00,0.0,203.396992,79.829,8.021,12.487,22.6,34.437,22.6,-159.902,159.902,-5.742,106.445108,9.551,458.422984,-1.226,41.339,405.572,0.0,0.0,0.805,-165.388992,621.455984,0.0,106.597,0.0,128.596,14.7,-12.109,621.456,-0.076,0.0,0.1587815596361925,91,1.87,34.437,58.91,418.059,-4.261,-7.942,0.0,7.812,-5.742,14.7,14.674,18.251,22.642,159.902,570.961024,-5.742,23.993,159.902,0.1128274884744166,0.254,0.0,14.7,0.5466992428457389,-1.302,163.033,9.551,58.91,-16.435,0.0,179.50964,14.7,18.251,0.318,68.872874,0.042,84.295,458.422984
-0.675,464.339016,126.003,2012-06-30 00:00:00,0.0,175.212992,79.829,7.993,105.938,16.612,34.312,16.612,-129.983,129.983,-2.078,94.273,15.542,464.339016,-4.64,39.823,396.329984,-0.684000000000001,0.0,0.805,-178.080992,624.654016,0.0,93.512,0.0,126.003,10.019,-7.639,624.654016,0.826,0.69,0.1329192466943506,91,-3.382,34.312,59.2,449.440984,-2.031,-5.918,0.0,-29.098,-2.078,10.019,9.335,15.67,15.937,129.983,574.411008,-2.078,17.748,129.983,0.0938708797828761,-3.419,0.0,10.019,0.4171458704768601,-3.814,160.315,11.032,59.2,-43.427,0.0,179.272,10.019,15.67,53.111,59.213,-0.226,52.724,464.339016
0.152,436.789992,120.492,2012-09-30 00:00:00,0.0,187.286,79.829,9.714,46.452000000000005,-42.239,61.127,-42.239,-137.784,137.784,-17.205,27.997,21.17,436.789992,-2.58,29.765,384.671008,0.0,0.0,0.805,-187.246,618.408992,0.0,27.465,0.0,120.492,-27.549,-9.301,618.409024,-53.394,52.99,0.0387610797019937,92,-9.859,61.127,49.14,431.123008,45.758,14.538,0.0,7.801,-17.205,-27.549,-27.549,0.711,-42.087,137.784,571.916992,-17.205,17.916,137.784,0.0271778570336268,0.0,0.0,-27.549,-1.4190828153871995,-55.974,181.619,8.843,49.14,-10.115,0.0,164.834,-27.549,0.711,0.255,16.76,-0.012,52.322,436.789992
0.171,403.929,124.505,2012-12-31 00:00:00,0.0,133.573,79.829,8.647,47.551,4.082,32.672,4.082,-79.487,79.487,-51.418,1.055,23.239,403.929,-2.818,34.94,379.982016,0.0,0.0,0.805,-197.874,561.106,0.0,0.745,0.0,124.505,2.604,-0.767,561.105984,-12.297,11.685,-0.0005330616134312,92,-1.109,32.672,42.36,427.533016,16.765,-1.649,0.0,-58.297,-51.418,2.604,2.604,-22.388,4.253,79.487,577.856,-51.418,29.03,79.487,-0.0003821043271144,-35.465,0.0,2.604,0.1168288494562106,-15.115,157.177,7.062,42.36,-51.862,0.0,145.867,2.604,-22.388,0.224,-0.226,-0.173,11.423,403.929
-1.006,407.797992,127.174,2013-03-31 00:00:00,0.0,136.859008,79.829,9.82,60.087,8.171,37.967,8.171,-82.606,82.606,-4.626,-13.374,24.72,407.797992,-3.208,31.787,375.992992,-4.440892098500626e-16,0.0,0.805,-208.066,572.938992,0.0,-14.732,0.0,127.174,3.869,4.203,572.939008,-0.129,1.831,-0.0255292824956942,90,5.517,37.967,40.09,436.079992,1.934,-3.296,0.0,3.119,-4.626,3.869,3.869,17.188,7.165,82.606,584.059008,-4.626,21.814,82.606,-0.0185148128147568,0.0,0.0,3.869,0.257054770818259,-3.337,165.141,9.125,40.09,-18.695,0.0,136.315,3.869,17.188,0.193,-11.057,0.141,11.181,407.797992
-0.29,683.05,217.975008,2013-06-30 00:00:00,0.0,66.117,229.606,22.019,53.164,6.325,99.279,6.325,90.0,0.0,0.0,32.709,3.357,593.05,-14.891,66.903,791.022976,0.0,-3.37415,0.962,-260.680992,910.304008,90.0,33.848,-2.37,127.975,3.02185,16.694,910.304,-3.903,-30.631,0.04054808528482,275,10.605,75.894,47.26,844.186976,-12.243,-3.01315,0.0,-32.11,0.0,3.02185,6.396,36.277,6.035,0.0,1051.704,0.0,36.277,0.0,0.0279324252214596,-114.264,0.0,3.02185,0.0945398562097364,-18.794,317.254008,0.0,47.26,45.877,90.0,164.120992,6.396,-109.095992,2.263,21.43755,0.0,42.485,593.05
0.954,647.772008,181.623008,2014-03-31 00:00:00,0.0,48.739,230.692,22.318,55.711,-4.288,115.158,-4.288,63.829,0.0,-45.794,14.29,5.332,583.943008,-10.457,78.555,776.273984,-10.0438,10.0438,0.962,-294.676992,880.724016,63.829,14.119,0.0,117.794,-0.1492,-6.84,880.723968,-26.931,39.52,0.0183116446710354,90,11.718,112.59,47.74,831.984984,30.673,3.1848,0.0,0.0,-45.794,-0.1492,-10.193,20.806,-3.334,0.0,1070.950976,-45.794,66.6,0.0,0.0124680732795186,-26.171,0.0,-0.1492,-0.0545859588823117,-37.388,296.781008,4.553,47.74,-40.429,63.829,212.185,-10.193,-5.365,2.115,9.34565,0.0,51.883,583.943008
-0.737,655.647,188.26,2014-06-30 00:00:00,0.0,45.829,231.838,23.827,57.963,4.96,109.921,4.96,65.977,0.0,-63.477,15.168,6.531,589.67,-9.207,77.368,784.059008,0.3704999999999998,-0.3705,0.962,-334.016,887.851,65.977,14.089,-0.037,122.283,4.2105,7.416,887.851008,-11.724,8.198,0.0220454126866069,91,4.507,105.613,42.31,842.022008,12.259,-0.0125,0.0,0.0,-63.477,4.2105,4.581,-2.229,4.223,0.0,1118.075008,-63.477,61.248,0.0,0.01511728789808,2.229,0.0,4.2105,0.0641091924309792,-20.931,298.181,3.614,42.31,-63.477,65.977,254.613,4.581,-0.081,1.967,10.95215,-1.478,72.042,589.67
0.663,648.969,179.588992,2014-09-30 00:00:00,0.0,43.93,233.062,21.325,59.885000000000005,10.868,97.309,10.868,54.415,0.0,-37.428,17.865,5.774,594.554,-6.821,67.323,767.636992,-3.0745000000000005,3.0745,0.963,-374.099008,871.451992,54.415,18.455,0.002,125.174,6.7385,-0.812,871.452032,4.713,-2.102,0.0275784357397675,92,2.242,78.487,33.24,827.521992,2.532,-4.7925,0.0,0.0,-37.428,6.7385,3.664,11.56,11.531,0.0,1141.735936,-37.428,48.988,0.0,0.0191383768207257,-11.56,0.0,6.7385,0.1614307146146191,-2.108,276.897992,0.0,33.24,-37.428,54.415,290.149,3.664,-0.003,1.816,13.82165,0.048,66.414,594.554
-0.46,630.824984,178.934,2014-12-31 00:00:00,0.0,31.04,234.240992,21.623,63.752,-9.72,97.015,-9.72,63.359,0.0,-33.723,4.389,3.565,567.465984,-7.56,50.23,748.622976,0.0,13.2678,0.963,-426.297984,843.414984,63.359,6.091,-0.003,115.575,-6.6582,-11.457,843.414976,-0.316,20.621,0.0114513717891196,92,-1.218,92.892,29.24,812.374976,13.004,3.5218,0.0,0.0,-33.723,-6.6582,-19.926,-0.599,-10.18,0.0,1174.92096,-33.723,33.124,0.0,0.007577895992385,0.599,0.0,-6.6582,-0.1935098546685248,-7.876,275.949,0.0,29.24,-33.723,63.359,275.174016,-19.926,8.346008,1.667,6.64475,-2.415,29.538,567.465984
-0.141934,654.499016,209.8,2015-03-31 00:00:00,0.0,29.867,235.382,22.028,64.517,-27.536154,77.929,-27.536154,104.463,0.0,-35.262,-21.428154,5.953,550.036016,-7.828,30.647,743.380992,-1.7200419999999994,1.720042875,0.973,-462.975008,837.765016,104.463,-22.104088,0.0,105.337,-16.843958,-21.198,837.764992,-5.329154,4.662,-0.0221400179973699,90,-17.733,73.802,22.0,807.897992,-4.653,10.834131,0.0,0.0,-35.262,-16.843958,-18.564,-41.097,-27.678088,0.0,1206.355968,-35.262,-5.835,0.0,-0.0146095299908123,41.097,0.0,-16.843958,-0.8984942735014847,-13.157154,287.729,4.518,22.0,-35.262,104.463,225.568,-18.564,0.007,1.515,-12.553158,-0.004934,-32.365,550.036016
-0.585,643.346992,205.454,2015-06-30 00:00:00,0.0,28.612,236.82,21.643,63.283,-28.683,64.982,-28.683,111.402,0.0,-21.524,-55.071154,4.354,531.944992,-7.351,35.334,710.486016,-0.1599000000000003,0.1599,0.974,-501.286016,802.380992,111.402,-55.595088,0.0,94.052,-19.3681,-2.173,802.380992,-6.924,8.224,-0.0644280938784028,91,-3.614,60.047,12.27,773.769016,-1.042,9.8999,0.0,0.0,-21.524,-19.3681,-19.528,-6.938,-29.268,0.0,1211.772032,-21.524,14.586,0.0,-0.0427536077887532,6.938,0.0,-19.3681,-0.8117677024961792,-14.275,270.436,3.115,12.27,-21.524,111.402,183.534,-19.528,0.0,1.365,-36.131758,0.995,-37.074,531.944992
3.128,463.196,134.883008,2015-09-30 00:00:00,0.0,30.014,239.25,20.314,62.583,-24.397,53.862,-24.397,114.569,0.0,-13.603,-90.336154,8.139,348.627,-7.504,30.037,444.775008,-152.776,152.776,0.974,-764.788992,537.372008,114.569,-88.395088,0.0,20.314,-32.909,-7.946,537.372032,0.492,232.926,-0.1606886864769328,92,-6.389,43.941,7.6,507.358008,164.187,-11.64,0.0,0.0,-13.603,-32.909,-185.684992,-3.104,-21.269,0.0,1209.564032,-13.603,10.499,0.0,-0.1075780289908506,3.104,0.0,-32.909,-0.8122315810500382,-7.012,188.745008,6.722,7.6,-13.603,114.569,146.248,-185.684992,0.064,1.214,-75.779258,4.288,-51.738,348.627
-30.45,353.289,137.952,2015-12-31 00:00:00,0.0,22.272,240.498,22.506,15.279,-10.079,40.961,-10.079,115.446,0.0,-7.431,-90.517,12.209,237.843,-3.719,22.835,379.204992,0.0,35.625848,0.974,-826.022016,416.756,115.446,-124.666,0.0,22.506,-75.645152,-1.466,416.756,-0.165,-128.631,-0.371044662280832,92,-0.786,36.358,6.41,394.483992,-127.124,-35.116152,0.0,0.0,-7.431,-75.645152,-111.271,-1.726,-40.529,0.0,1205.227008,-7.431,5.705,0.0,-0.2371151261937967,0.712,0.0,-75.645152,-0.4413838405955769,-3.884,178.913,8.441,6.41,-6.417,115.446,118.853,-111.271,-0.85,1.057,-149.4028,0.419,-52.865,237.843
-0.918,339.895,135.012,2016-03-31 00:00:00,0.0,17.292,242.0,22.83,15.168,-11.281,34.509,-11.281,112.182,0.0,-4.836,-74.44,3.552,227.713,-5.902,19.09,364.774016,0.5752500000000005,-0.57525,0.975,-842.854016,397.234,112.182,-103.265,0.0,22.83,-11.97925,-4.543,397.233984,-0.32,-0.94,-0.3597600231486503,91,2.428,30.065,11.79,379.942016,0.759,0.21975,0.0,0.0,-4.836,-11.97925,-11.404,3.492,-12.199,0.0,1207.628032,-4.836,8.328,0.0,-0.2265613246953817,-3.492,0.0,-11.97925,-0.5909376636982714,-6.222,169.521,0.856,11.79,-4.836,112.182,107.296,-11.404,0.228,0.906,-139.901502,-0.08,-8.276,227.713
-1.448,322.743,134.624,2016-06-30 00:00:00,0.0,15.256,243.35,23.646,17.106,-8.993,33.071,-8.993,110.978,0.0,-2.547,-54.75,8.109,211.765,-5.384,21.61,347.097984,-3.82765,3.82765,0.985,-860.073984,379.46,110.978,-84.438,-0.996,23.646,-13.46835,-1.957,379.46,-0.324,6.473,-0.360360230308698,91,-3.582,25.53,12.24,364.203984,7.752,-3.02735,0.0,0.0,-2.547,-13.46835,-17.296,2.202,-10.441,0.0,1207.171968,-2.547,4.749,0.0,-0.2267678188640794,-2.202,0.0,-13.46835,-0.4161499305876909,-5.708,167.695,5.702,12.24,-2.547,110.978,93.572,-17.296,0.998,1.549,-134.001752,-0.27,0.864,211.765
-0.971,313.917992,85.734,2016-09-30 00:00:00,0.0,12.679,295.524992,23.271,17.454,-12.815,46.471,-12.815,62.463,0.0,-12.466,-43.168,6.263,251.454992,-7.486,18.957,353.527008,1.042250000000001,-1.04225,1.2,-874.827008,383.659992,62.463,-76.955,0.0,23.271,-13.52725,5.649,383.66,-0.962,-0.828,-0.3820144697826559,92,7.329,39.908,10.22,370.981008,0.509,0.25875,0.0,0.0,-12.466,-13.52725,-12.485,-1.947,-13.786,0.0,1228.354048,-12.466,10.519,0.0,-0.2488947137942755,1.936,0.0,-13.52725,-0.6760035870654639,-8.448,132.205,4.753,10.22,-12.455,62.463,82.492,-12.485,-50.462,1.43,-114.620002,-0.449,2.021,251.454992
-0.033,290.758984,77.22,2016-12-31 00:00:00,0.0,19.054,297.649984,22.866,17.078,-6.804,62.889,-6.804,54.354,0.0,-5.08,-41.097,8.097,236.404984,-8.03,21.663,340.382016,-6.548749999999998,6.54875,1.211,-887.286016,376.513984,54.354,-42.166,50.435,22.866,-10.29525,7.433,376.513984,-0.371,7.967,-0.1998937332330336,92,1.413,55.135,9.34,357.460016,10.109,-3.45825,0.0,0.0,-5.08,-10.29525,-16.844,3.335,-6.837,0.0,1227.667968,-5.08,8.415,0.0,-0.119504332587983,-8.455,0.0,-10.29525,-0.3140839218944745,-8.401,140.109,6.92,9.34,0.04,54.354,79.997,-16.844,-4.773,1.311,-47.3996,0.981,7.082,236.404984
-0.847,298.393984,79.919,2017-03-31 00:00:00,0.0,14.092,299.105984,20.197,18.744,-6.046,58.887,-6.046,59.722,0.0,-20.821,-34.658,5.026,238.671984,-6.596,19.245,344.641984,5.17985,-5.17985,1.211,-895.945984,377.477984,59.722,-37.957,0.0,20.197,-4.29485,4.075,377.478016,-0.091,-8.17,-0.178332070828421,90,8.915,52.958,7.32,363.385984,-6.714,2.59815,0.0,0.0,-20.821,-4.29485,0.885,-5.964,-6.893,0.0,1240.588032,-20.821,14.857,0.0,-0.1073578310391474,5.294,0.0,-4.29485,-0.3141595219537542,-6.687,138.806,3.208,7.32,-20.151,59.722,81.475,0.885,-0.596,1.193,-41.5857,-1.872,-2.374,238.671984
0.623,305.489,90.156,2017-06-30 00:00:00,0.0,15.043,300.728,18.84,18.79,-4.449,51.839,-4.449,71.316,0.0,-14.771,-30.114,6.583,234.173,-5.833,20.711,342.335008,-1.3584999999999994,1.3585,1.226,-908.243008,376.168,71.316,-31.342,0.0,18.84,-4.6755,-5.856,376.168,-0.284,0.602,-0.1470735842202279,91,-5.652,45.699,6.64,361.125008,2.224,-0.8495,0.0,0.0,-14.771,-4.6755,-6.034,-11.519,-3.826,0.0,1250.578048,-14.759,3.252,0.0,-0.0867962807095555,11.507,0.0,-4.6755,-0.2148133841919753,-6.117,141.995,4.302,6.64,-14.759,71.316,80.576,-6.034,0.087,1.073,-32.79285,1.382,-16.095,234.173
-0.604,307.964984,97.556,2017-09-30 00:00:00,0.0,13.983,302.209984,18.33,19.196,-5.758,49.499,-5.758,79.226,0.0,-16.387,-23.057,4.728,228.738984,-6.219,19.351,342.615008,-0.3028999999999993,0.3029,1.224,-918.768,375.793984,79.226,-23.918,0.0,18.33,-6.6131,2.314,375.793984,-0.656,0.2,-0.1077843592107036,92,2.037,45.401,5.03,361.811008,1.682,-0.2511,0.0,0.0,-16.387,-6.6131,-6.916,-8.391,-6.362,0.0,1261.38304,-15.248,7.996,0.0,-0.0681508045127326,7.91,0.0,-6.6131,-0.2975556818769056,-6.875,147.055,3.548,5.03,-15.906,79.226,80.97,-6.916,0.658,0.954,-25.8787,0.009,-22.539,228.738984
0.134,309.980016,106.316,2017-12-31 00:00:00,0.0,15.773,303.750016,20.636,19.723,-4.253,50.537,-4.253,85.38,0.0,-14.634,-22.32,7.215,224.600016,-5.513,20.359,345.956992,-1.4631499999999995,1.46315,1.223,-930.220032,381.453016,85.38,-20.168,0.0,20.936,-4.11485,0.581,381.452992,-0.582,1.354,-0.0825479116278565,92,-0.272,46.755,4.71,365.679992,2.894,0.00415,0.0,0.0,-14.634,-4.11485,-5.578,-6.053,-4.119,0.0,1276.177024,-14.634,8.581,0.0,-0.0502066728564174,6.053,0.0,-4.11485,-0.2089002406797976,-6.095,156.853,4.792,4.71,-14.634,85.38,79.666,-5.578,0.101,0.835,-19.0275,1.19,-31.927,224.600016
0.177,305.550016,103.421,2018-03-31 00:00:00,0.0,15.389,305.174016,24.761,20.638,-4.683,46.249,-4.683,78.66,0.0,-16.244,-19.143,5.989,226.890016,-6.726,19.924,340.532992,4.42479,-4.42479,1.231,-876.972032,376.560016,78.66,-18.813,0.0,24.761,-3.48779,-6.876,376.56,-0.469,-3.259,-0.0811545615836344,90,-7.518,42.61,3.55,361.170992,-1.835,1.01821,0.0,0.0,-16.244,-3.48779,0.937,-14.175,-4.506,0.0,1217.505024,-16.244,2.069,0.0,-0.050106863577552,-6.79,0.0,-3.48779,-0.2350431640232884,-7.195,149.67,4.4,3.55,4.721,78.66,80.345,0.937,-20.894,0.716,-18.89124,0.879,-40.138,226.890016
0.953,301.999016,105.005,2018-06-30 00:00:00,0.0,12.628,306.758016,24.178,19.867,-4.989,46.271,-4.989,80.827,0.0,-13.833,-19.683,5.319,221.172016,-5.354,17.63,339.952992,-2.36289,2.36289,1.235,-883.321024,372.448016,80.827,-19.023,0.0,24.178,-4.81511,2.812,372.448,-1.289,1.704,-0.0835887045264156,91,5.586,42.111,5.68,359.819992,3.288,-0.77911,0.0,0.0,-13.833,-4.81511,-7.178,-2.639,-4.036,0.0,1223.273984,-13.833,11.194,0.0,-0.0508427551641963,2.042,0.0,-4.81511,-0.2829835507657402,-6.643,151.276,3.355,5.68,-13.236,80.827,77.264,-7.178,-0.473,0.595,-19.03085,2.69,-31.258,221.172016
-1.312,222.007992,105.82,2018-09-30 00:00:00,0.0,13.939,307.521984,24.049,27.614,-6.876,58.204,-6.876,81.771,0.0,-13.146,-20.801,7.038,140.236992,-6.724,19.508,262.708,-57.95203,57.952032,1.229,-929.416,304.260992,81.771,-20.849,0.0,24.049,-23.57197,9.509,304.260992,-0.425,72.055,-0.195078933811127,92,7.732,52.899,6.18,290.322,72.819,-15.38397,0.0,0.0,-13.146,-23.57197,-81.524,-1.266,-8.188,0.0,1192.124032,-13.146,11.88,0.0,-0.1058435605064964,0.769,0.0,-23.57197,-0.3524707812179619,-7.149,164.024,3.949,6.18,-12.649,81.771,77.421,-81.524,-0.322,8.725,-35.98972,0.369,-24.133,140.236992
-15.154,200.388992,15.486,2018-12-31 00:00:00,0.0,17.434,341.553984,15.486,6.524000000000001,-1.709,101.257,-1.709,60.0,0.0,-15.766,-19.398,9.389,140.388992,-5.353,18.694,233.174,-13.515319999999996,13.51532,1.573,-898.169024,257.131992,60.0,-36.361,33.038,15.486,-20.28768,-8.458,257.132,-0.464,29.819,-0.2978131988018664,92,-7.497,39.506,3.25,239.698,30.813,-3.42468,0.0,0.0,-15.766,-20.28768,-33.803,-17.432,-16.863,0.0,1131.342976,12.039,-1.666,0.0,-0.1702178180848948,11.189,-0.168,-20.28768,-0.0914197068578153,-5.817,116.743,3.062,3.25,-9.523,0.0,73.605,-33.803,-11.399,0.357,-54.349272,-1.005,-35.512,140.388992
-1.148,198.103008,15.529,2019-03-31 00:00:00,-38.71428571428571,13.481,342.52,15.529,6.405,-3.246,99.952,-3.246,65.552,0.0,-5.141,-16.82,6.398,132.551008,-5.005,14.779,228.146,-3.3156300000000005,3.31563,1.585,-905.436992,248.032008,65.552,-33.481,-0.086,15.529,-5.30237,-4.263,248.032,-0.272,3.564,-0.3003392845887285,90,-4.117,32.188,3.15,234.551,5.04,-0.90837,0.14,0.0,-5.141,-5.30237,-8.618,-5.28,-4.394,0.0,1133.582976,-5.141,-0.139,0.0,-0.1728396457207265,5.28,-0.115,-5.30237,-0.2196359699573719,-5.277,115.481,3.711,3.15,-5.141,0.0,70.611,-8.618,0.272,0.352,-53.97713,-0.086,-26.617,132.551008
-0.563,188.170016,15.402,2019-06-30 00:00:00,60.74444444444445,13.692,343.150016,15.402,7.204000000000001,-5.861,109.084,-5.861,60.0,0.0,-9.48,-17.692,8.61,128.170016,-4.456,12.762,231.76,1.493100000000001,-1.4931,1.587,-912.347008,252.656016,60.0,-35.869,0.045,15.402,-6.4541,12.121,252.656,-0.9,-1.665,-0.3184049722364928,91,13.505,47.966,1.74,238.964,-1.08,-0.0301,0.09,0.0,-9.48,-6.4541,-4.961,5.557,-6.424,0.0,1144.107008,-9.48,15.037,0.0,-0.1779419744554506,-5.557,-0.137,-6.4541,-0.4592540354176461,-5.356,124.486,4.608,1.74,-9.48,0.0,65.743,-4.961,0.005,0.48,-55.61612,0.089,-18.421,128.170016
-2.097,203.859992,43.619,2019-09-30 00:00:00,-263.22857142857146,31.602,397.177984,15.03,8.343,-7.042,63.447,-7.042,27.235,2.044,-12.705,-17.858,23.383,174.580992,-5.879,12.547,241.702,1.0514900000000005,-1.05149,3.455,-912.097984,281.646992,29.279,-36.82,52.289,15.03,-8.88949,8.376,281.647008,0.198,-13.854,-0.2600463892177138,92,7.012,62.054,2.78,250.045,-13.298,0.24951,0.07,2.044,-12.705,-8.88949,-7.838,-18.356,-9.139,2.044,1153.799936,-12.705,-5.651,2.044,-0.13972719266506,20.39,-0.133,-8.88949,-0.5612497011237746,-5.681,107.066,18.885,2.78,-12.695,28.589,58.782,-7.838,-50.255,1.962,-40.93364,-0.491,-35.511,174.580992
-3.624,194.718032,127.239,2019-12-31 00:00:00,0.0,46.387,476.926016,49.662,10.434,-1.237,110.547,-1.237,77.054,1.624,-15.464,-12.216,21.791,116.040032,-9.599,37.193,297.004992,-105.68778,105.687776,5.148,-1045.070016,353.826032,78.678,-18.964,70.007,51.682,-32.69122,7.737,353.825984,4.257,136.81,-0.3800899297281209,92,-2.332,101.996,3.67,307.438992,136.969,-27.83022,0.0,-0.42,-15.464,-32.69122,-138.379008,-3.001,-4.861,1.624,1342.075008,-15.454,12.463,1.624,-0.1594627495693713,114.656,-0.06,-32.69122,-0.0332589465759686,-5.342,237.786,16.272,3.67,-127.539,75.557,79.128,-138.379008,41.785,3.311,-48.71252,1.804,-21.08,116.040032
-0.408,99.000976,135.915008,2020-03-31 00:00:00,0.0,69.959,477.228992,50.626,19.661,-5.117,85.953,-5.117,86.385,1.685,-9.492,-19.257,54.372,10.930976,-5.425,34.573,143.179008,-78.47543999999999,78.47544,5.151,-1202.642944,232.798984,88.07,-25.949,-0.047,50.951,-26.77956,-16.33,232.799008,0.072,97.373,-1.0436254599718733,91,-5.57,81.186,1.5,162.840008,97.723,-21.25456,0.0,0.061,-9.492,-26.77956,-105.255,-9.74,-5.525,1.685,1345.821952,-9.492,-0.248,1.685,-0.31118779261424,9.796,0.0,-26.77956,-0.1480056691637983,-5.353,221.868008,21.688,1.5,-9.487,84.964,97.075,-105.255,0.26,3.135,-74.81437,0.519,-25.54,10.930976
-1.992,68.314984,131.567,2020-06-30 00:00:00,0.0,45.975,478.084992,45.581,13.213,-21.275,80.342,-21.275,84.289,0.404,-10.304,-34.671,18.189,-16.378016,-5.713,17.842,136.343008,-3.4744199999999985,3.47442,5.271,-1206.957056,195.530984,84.693,-42.792,0.047,46.874,-24.55958,-5.21,195.531008,-11.173,35.053,0.0,91,-3.916,77.143,2.29,149.556008,35.319,-1.29258,0.0,-1.281,-10.304,-24.55958,-28.034,-1.843,-23.267,0.404,1343.299968,-9.965,8.461,0.404,-0.4146476731427252,0.228,0.0,-24.55958,-1.192411164667638,-16.886,211.909,0.0,2.29,-9.97,84.693,102.155,-28.034,-1.843,1.939,-92.91985,0.332,-32.94,-16.378016
4.93,54.135016,120.996,2020-09-30 00:00:00,0.0,49.179,479.822016,45.998,10.276,2.521,93.277,2.521,72.62,2.969,-2.584,-25.108,30.225,-21.453984,-6.13,31.348,133.364,-10.73452,10.73452,5.312,-1207.650944,192.819016,75.589,-26.202,0.0,48.78,3.92952,8.924,192.819008,0.643,12.478,0.0,92,4.054,84.789,1.34,143.64,14.916,-3.52148,0.0,2.565,-2.584,3.92952,-6.805,15.766,7.451,2.969,1341.01504,-2.584,18.35,2.969,-0.33764626885311,-13.201,0.0,3.92952,0.0804198034962358,-5.487,214.273,16.363,1.34,-2.584,72.216,120.956,-6.805,2.598,1.825,-80.10084,5.987,1.182,-21.453984
4.446,33.331976,65.164,2020-12-31 00:00:00,0.0,46.806,542.132992,48.523,16.11,-0.874,89.536,-0.874,16.382,1.383,0.0,-22.743,22.963,15.566976,-7.672,29.157,107.351,-23.30816,23.30816,6.941,-1190.475008,170.266976,17.765,1.162,-0.074,50.171,-1.93984,-2.795,170.267008,0.613,21.236,-0.5231061210743125,92,-8.772,82.138,2.29,123.461,22.452,-5.51184,0.0,-1.586,0.0,-1.93984,-25.248,0.0,3.572,1.383,1297.826048,0.688,-5.667,1.383,-0.1312513944090288,3.393,0.0,-1.93984,-0.0299756490722639,-7.059,154.7,16.339,2.29,0.688,14.993,112.92,-25.248,0.0,8.82,-34.393968,5.047,-0.806,15.566976
0.338,202.202008,220.668992,2021-03-31 00:00:00,0.0,62.633,623.912,109.96,11.227,13.62,122.753,13.62,107.719,1.596,-119.417,-6.008,19.076,92.887008,-11.359,59.95,362.448992,0.0,13.99248,7.963,-1197.904,436.309,109.315,1.714,-0.435,115.218,9.69948,15.704,436.308992,1.65,20.638,-0.248200173560891,90,3.472,107.12,3.9,373.675992,22.417,-4.25852,0.0,0.213,-119.417,9.69948,-4.293,-88.678,13.958,1.596,1560.353024,-119.417,30.739,1.596,-0.0384703814630821,88.999,0.09,9.69948,0.2271893244370308,-9.709,343.421992,12.736,3.9,-119.525,105.451,138.297,-4.293,0.921999999999997,4.306,-12.87042,1.535,0.0,92.887008
-1.13,144.164008,199.923008,2021-06-30 00:00:00,0.0,74.787,628.64,106.256,11.675,22.504,178.403008,22.504,77.616,2.177,-3.736,37.771,22.787,64.371008,-13.483,83.64,356.235008,0.0,42.818,8.045,-1176.134016,442.697024,79.793,46.355,-2.091,123.749,10.176,10.362,442.696992,0.313,48.157,0.0,91,3.214,130.272,4.32,367.910008,51.267,-11.198,0.0,0.581,-3.736,10.176,-32.642,29.559,21.374,2.177,1532.369024,-0.961,33.295,2.177,0.06851833514042,-31.861,0.06,10.176,0.2690578670492587,-13.17,378.326016,16.645,4.32,-0.853,76.174,204.095,-32.642,2.7340000000000053,5.686,21.86516,1.035,0.0,64.371008
