Non-Operating Income (Loss),StockBased Compensation,Line of Credit Available,Equity Charge,WACC Discount Factor,Other Accrued Liabilities,Operating Leases,Line of Credit,Total Current Liabilities,BALANCE SHEET,Total Liabilities & Equity,Operating Income,NonCash Items,Days in Period,Net Share Repurchases,"Cash, Cash Equivalents & STI",Misc LT Assets,Rental Expense - Years 2 - 5,"Selling, General & Admin",Revenue,ST Debt,-Net Share Repurchases,LTM Basic EPS,Rental Expense - Year 1,ST Capital Leases,Rental Expense Beyond Year 5,Dep & Amort,Work In Process,Total Liabilities / Tangible Assets,Current Liabilities,Other Adjustments,Free Cash Flow (LTM),Deferred Compensation,Other Operating Expenses,Free Cash Flow to Firm,ST Deferred Tax Assets,Cash (Repurchase) of Equity,Free Cash Flow to Equity,Deferred Tax Liabilities,Repayments of LT Debt,Other PostRet Benefits,Effect of Foreign Exchanges,Income (Loss) from Cont Ops,year + weight + convention,Free Cash Flow to Firm Model,Dividends,Net Extraordinary Losses (Gains),Net Cash From Disc Ops (fin),Period Weight,Pretax Income,LT Marketable Securities,ST Borrowings,Dividend Yield (LTM),Free Cash Flow per Share,LT Receivables,Prepaid Expenses,Cash % of Revenue,Diluted - Basic Shares,Diluted EPS,Operating Margin,Operating Expenses,Line of Credit Used,Interest & Dividends Payable,PP&E Gross,EBITDAR,A = L + SE,Inventories,Discontinued Operations NI,PV of Free Cash Flow to Firm,Pensions,Raw Materials,Other Non-Op Income (Loss),Bull,Discounted Residual Income (Bear)
-0.035366,294.808934,43.943456,2011-03-31 00:00:00,0.0,35.098864,264.375616,3.943456,0.0,2.874657,37.444216,2.874657,25.539132,14.460867,-35.29406,8.567176,5.921932,254.808934,-2.618591,15.548328,301.097728,-24.2717885,24.271788,0.438575,-180.799296,336.196606,40.0,8.74584875,0.0,3.943456,-3.3238765,4.30161,336.196608,0.0,37.308776,0.0,90,2.81394,35.889736,59.255,301.097728,30.402519,-6.1631675,0.0,-6.598652,-35.29406,-3.3238765,-27.595664,-22.562054,2.839291,14.460867,481.897024,-35.29406,12.732005,14.460867,0.0,15.693402,0.0,-3.3238765,0.0,-2.618591,81.387672,2.079313,59.255,-35.02406,40.0,48.032263,-27.595664,-7.562055,0.0,5.637371,0.0,-124.848634,254.808934
-0.088856,347.442635,63.90382,2011-06-30 00:00:00,0.0,33.282752,264.925808,3.903819,0.0,6.863713,38.372008,6.863713,75.07692,9.923081,-56.059996,10.736043,6.402312,262.442635,-3.093453,21.816022,331.435712,0.0,-0.2156245,0.439238,-188.978256,364.718463,85.0,10.7322855,-0.757537,3.903819,6.9365985,-6.345518,364.718464,0.0,-0.14702,0.0,91,-8.38509,10.621622,52.275,331.435712,-0.14702,0.1617415,0.0,-4.537786,-56.059996,6.9365985,7.152223,-49.260916,6.774857,9.923081,520.413984,-56.059996,6.799079,9.923081,0.0,44.728128,0.0,6.9365985,0.0,-3.093453,102.275828,2.084313,52.275,-56.064996,60.0,56.723538,7.152223,-4.260917,0.0,6.937951,0.0,-116.310356,262.442635
-0.089,353.538348,64.603544,2011-09-30 00:00:00,0.0,32.177204,264.372032,4.603546,0.787484,3.413,50.101672,3.413,77.232024,7.767976,-16.681946,14.246085,8.612342,268.538348,-4.207,18.882,350.27888,0.0,-1.8655,0.439385,-196.266352,383.243564,85.0,14.093618,-0.427463,4.603546,4.3285,1.748908,383.243584,0.0,-2.813756,0.0,92,2.86415,21.445126,35.505,351.066364,-1.434499,1.0045,0.0,-2.154562,-16.681946,4.3285,6.194442,-1.77003,3.324,7.767976,546.545216,-16.681946,14.911916,7.767976,0.0,-0.383532,0.0,4.3285,0.0,-4.207,114.705216,2.085313,35.505,-16.682946,60.0,67.417194,6.194,-1.77003,0.0,8.682974,0.0,-141.40556,268.538348
-0.155465,384.51519,93.377248,2011-12-31 00:00:00,14.082844705882351,36.27608,264.00136,4.994398,3.327659,1.398301,74.57608,1.398301,102.715824,10.28418,-53.065908,15.073777,11.476981,271.51519,-3.999426,17.859758,399.864768,2.342483625,-2.34248375,0.439473,-205.441728,439.468518,113.0,14.705159,-0.524559,5.377246,1.073744375,14.591851,439.468512,-0.153533,-2.099991,0.0334817002865341,92,15.503035,44.348901,49.255,403.192427,-0.669562,-0.16909165625,-1.7,2.516204,-53.065908,1.073744375,3.416227,-25.640836,1.242836,10.28418,605.306496,-53.065908,27.425072,10.28418,0.0242771717205691,27.406728,0.052,1.073744375,0.0,-4.152959,167.953328,1.335,49.255,-52.315596,88.0,74.106088,3.416228,2.359164,0.887061,9.539111,0.066589,-99.2338,271.51519
-0.234997,429.096107,25.29199,2012-03-31 00:00:00,-5.9247110204081626,38.676948,402.809344,5.469612,1.791507,10.369057,58.045124,10.369057,12.626147,2.373853,-53.372016,22.568177,13.332672,414.096107,-3.789424,32.226368,456.964768,-2.125274,2.12527375,0.56452,-216.647168,497.433221,15.0,21.999929,-11.329305,10.29199,5.92585,-7.766155,497.433216,0.0,3.624047,0.0561778958846267,91,-16.221657,49.309361,10.95,458.756275,6.325477,-4.20821,9.8,-7.910327,-53.372016,5.92585,3.800576,-48.262168,10.13406,2.373853,673.611968,-53.372016,5.109846,2.373853,0.0450771753458763,39.743844,0.17,5.92585,0.3217569227782665,-3.789424,83.337114,0.727,10.95,-52.764016,15.0,90.784126,3.800576,-146.26217,0.874122,18.788838875,0.0,-124.933911,414.096107
0.029,467.777,65.85,2012-06-30 00:00:00,-3.180447542857143,44.582,403.188,5.85,10.515,7.673,64.062,7.673,50.568,9.432,-84.573984,23.377464,17.837,407.777,-4.093,40.791,482.592,-11.759149999999998,11.75915,0.566,-269.766016,537.689,60.0,22.927072,-0.245695,5.85,5.08315,12.769155,537.689024,-0.06,18.334952,0.0505368374503083,91,18.365656,53.133,10.74,493.107,14.812522,-2.61885,17.5,7.058327,-84.573984,5.08315,-6.675576,-38.157832,7.702,9.432,752.358016,-84.573984,46.416152,9.432,0.0375337984230024,44.755156,0.221,5.08315,0.1881052192885685,-4.153,129.912,0.266,10.74,-84.112984,60.0,109.759104,-6.676,6.842168,0.828,16.935390375,0.03,-113.830827,407.777
-0.089,505.228008,112.158,2012-09-30 00:00:00,-6.074653465346535,35.18,403.815008,6.016,5.295,6.888,77.45,6.888,101.822,4.178,-80.053,26.328358,7.635,399.228008,-3.439,41.379,548.361024,-10.78285,10.78285,0.567,-295.041984,588.836008,106.0,25.877896,0.0,6.158,1.58585,6.666,588.835968,0.0,16.828,0.0409382540829894,92,0.522,67.814,10.39,553.656024,15.795,-5.21315,10.1,-5.254,-80.053,1.58585,-9.197,-51.254,6.799,4.178,843.403008,-80.053,28.799,4.178,0.0281223781466807,46.0,0.095,1.58585,0.1664612484593634,-3.439,189.608,0.266,10.39,-80.053,106.0,132.256126,-9.197,-5.254,1.537,13.668594375,0.0,-163.314836,399.228008
-0.482,529.104008,156.432992,2012-12-31 00:00:00,152.73000000000002,38.197,404.879008,6.433,2.742,9.433,96.492,9.433,147.904992,2.095,-90.022,34.364,5.711,379.104008,-3.222,55.561,591.089984,-19.71255,19.71255,0.568,-349.369984,632.029,150.0,33.586,0.0,6.433,-1.47545,14.603,632.028992,-0.425,29.558,0.0341799013437657,92,7.314,87.299,8.2,593.831984,30.122,-10.42645,-0.3,-2.083,-90.022,-1.47545,-21.189,-46.119,8.951,2.095,940.460032,-90.022,43.903,2.095,0.0207542247340596,44.0,0.123,-1.47545,0.1697773618185417,-3.647,252.924992,0.23,8.2,-89.986,150.0,169.958,-21.188,-2.119,1.56,11.11905,0.0,-183.792992,379.104008
-1.204,569.104992,213.734,2013-03-31 00:00:00,-10.911698113207546,37.268,405.384992,7.31,2.875,11.8,72.483,11.8,200.348,4.652,-84.761,35.794,3.888,364.104992,-4.602,59.711,610.179008,-16.93575,16.93575,0.571,-398.832,650.321992,205.0,34.048,0.0,8.734,1.43075,-9.208,650.321984,0.0,26.345,0.0170246482779639,90,-7.335,59.935,8.86,613.054008,26.837,-9.16525,5.3,2.557,-84.761,1.43075,-15.505,-52.532,10.596,4.652,1009.011008,-84.761,32.229,4.652,0.0115430537801092,55.0,0.101,1.43075,0.197618529249217,-4.602,286.217,0.141,8.86,-84.672,205.0,197.442,-15.505,2.468,1.732,6.6243,0.067,-188.062832,364.104992
-1.562,635.024992,252.948,2013-06-30 00:00:00,0.0996447301641007,38.81,406.184992,7.948,5.646000000000001,19.187,91.738,19.187,239.895008,5.105,-91.309,47.308,5.357,390.024992,-4.149,58.433,690.254976,4.8919,-4.8919,0.571,-419.065984,734.710992,245.0,43.971,-0.001,7.948,20.2271,12.591,734.710976,-0.192,-6.838,0.0545705581542343,91,12.761,84.549,11.98,695.900976,-5.806,2.6021,-35.466,1.079,-91.309,20.2271,25.12,-39.0,17.625,5.105,1109.32096,-91.309,52.309,5.105,0.0342160484124489,39.999,0.118,20.2271,0.3283589752365958,-4.341,344.686,0.061,11.98,-91.229,245.0,215.084,25.119,1.0,1.677,21.76825,0.047,-188.905,390.024992
-1.972,697.666024,157.219008,2013-09-30 00:00:00,1.5981740870435217,43.691,548.721024,8.61,3.283,33.967,85.935,33.967,138.67,6.33,-84.204,74.387,6.275,552.666024,-5.395,80.703,748.846016,-6.062549999999998,6.06255,0.67,-445.192992,795.820032,145.0,69.167,-6.941,12.219,26.16755,-12.946,795.820032,0.0,9.199,0.0973846845170681,92,-15.677,71.308,16.33,752.129016,12.099,-5.82745,-15.992,0.599,-84.204,26.16755,20.105,-41.55,31.995,6.33,1194.03904,-84.204,42.654,6.33,0.0669479639708346,42.128,0.308,26.16755,0.4208889384533412,-5.395,243.154008,0.04,16.33,-84.183,145.0,254.408,20.105,-141.55,2.288,46.34995,0.0,-179.201,552.666024
-0.724,768.923992,221.079008,2013-12-31 00:00:00,0.1451545267748562,42.875,549.604992,9.897,1.578,23.76,100.327,23.76,193.712992,6.287,-106.895,88.714,4.129,568.923992,-6.633,69.274,845.876992,0.0,0.39325,0.67,-468.995008,890.33,200.0,83.252,-0.466,21.079,15.76825,4.855,890.329984,0.0,0.71,0.1341598518187226,92,3.626,89.749,18.64,847.454992,9.476,-7.26775,-47.694,-0.043,-106.895,15.76825,15.375,-54.617,23.036,6.287,1314.872064,-106.895,52.278,6.287,0.0835461924586176,54.534,0.262,15.76825,0.3429858244074256,-6.633,321.406008,0.0,18.64,-106.855,200.0,268.120992,15.375,0.383,1.405,63.593648,0.111,-187.699008,568.923992
-3.201,856.400976,302.455008,2014-03-31 00:00:00,3.792898034968281,58.978,550.718976,12.095,2.841,30.365,132.875,30.365,255.66,14.34,-93.898,107.279,5.1,586.400976,-7.219,77.088,959.912,-0.8222500000000004,0.82225,0.671,-493.024992,1021.730984,270.0,99.82,0.0,32.455,17.18525,-14.092,1021.731008,0.0,2.56,0.166959814396452,90,-21.064,117.165,24.49,962.753,12.616,-9.97875,-12.926,8.053,-93.898,17.18525,16.363,-61.953,27.164,14.34,1452.93696,-93.898,31.945,14.34,0.0949110469340914,70.006,0.282,17.18525,0.3939004773765048,-7.219,435.330008,0.0,24.49,-93.898,270.0,285.498,16.363,8.047,2.574,79.34815,-1.843,-197.12,586.400976
1.706,937.242016,195.271008,2014-06-30 00:00:00,0.2495067006495107,67.344,733.334016,13.304,2.748,35.301,150.928,35.301,135.364992,14.635,-142.320992,123.393,6.743,787.242016,-8.1,96.141,1063.348992,-5.295550000000002,5.29555,0.747,-524.822016,1133.441024,150.0,119.202,-0.789,45.271,23.52155,21.623,1133.441024,0.0,5.357,0.14039737704091,91,15.221,126.889,29.28,1066.096992,16.286,-13.48545,-48.652,0.295,-142.320992,23.52155,18.226,-60.791,37.007,14.635,1588.171008,-142.320992,81.53,14.635,0.0884752418432761,61.086,0.3,23.52155,0.3671794551752114,-8.1,346.199008,0.0,29.28,-142.320992,150.0,323.206,18.226,-180.790992,2.577,82.6426,2.913,-218.911,787.242016
-0.406,1068.339032,306.444,2014-09-30 00:00:00,0.1673824432569473,59.055,734.812032,13.927,4.196,30.236,152.62,30.236,242.276992,7.723,-173.71,119.662,5.775,818.339032,-8.099,95.916,1214.151936,10.59045,-10.59045,0.747,-559.964992,1277.403032,250.0,117.037,-0.086,56.444,19.02855,-0.495,1277.403008,0.0,-15.656,0.1101434304265614,92,0.081,137.75,25.85,1218.347936,2.041,-10.80145,-91.509,-6.912,-173.71,19.02855,29.619,-106.826,29.83,7.723,1774.116992,-173.71,66.884,7.723,0.0728369293059756,99.914,0.309,19.02855,0.3152341632261562,-8.099,459.064,0.0,25.85,-173.71,250.0,338.419,29.619,-6.826,2.918,75.5036,0.267,-284.187,818.339032
-1.018,1204.74004,425.912992,2014-12-31 00:00:00,0.1527246808786366,112.418,725.553024,14.18,0.0,24.914,142.036,24.914,329.183008,9.016,-160.072,120.816,57.198,866.541032,-8.734,103.589,1322.072064,32.72815,-32.72815,0.734,-603.731968,1434.490024,338.199008,116.827,0.127,87.714,13.83485,-0.51,1434.489984,0.0,-49.051,0.1015440368938636,92,-1.241,125.326,20.23,1322.072064,-17.967,-10.07815,-77.165,0.684,-160.072,13.83485,46.563,-88.95,23.896,9.016,1925.804032,-159.993,71.122,9.016,0.0626927719161778,90.164,0.193,13.83485,0.2405081620635396,-8.734,567.948992,1.649,20.23,-160.602,338.199008,372.734016,46.546,1.129,0.0,72.874704,0.631,-318.52,866.541032
-1.686,1344.816024,532.393984,2015-03-31 00:00:00,-0.6283838329476347,105.193,831.593024,15.726,0.703,3.114,232.198,3.114,414.929984,7.052,-141.680992,93.565,50.036,922.834024,-13.413,80.969,1581.529984,0.0,50.7104,0.769,-717.329984,1687.426008,421.982,92.161,0.4,122.394,0.4764,43.366,1687.426048,2.235,75.769,0.0753821882985387,90,45.394,190.321,21.92,1582.232984,51.716,-0.9156,-130.067,-2.346,-141.680992,0.4764,-50.234,-48.335,1.428,7.052,2298.860032,-141.680992,93.346,7.052,0.0419771529111378,70.4,0.011,0.4764,0.0384591633835171,-11.178,764.591984,0.0,21.92,-166.092,410.0,376.615,-50.198,21.666008,0.703,56.86135,0.384,-304.902,922.834024
-5.367,1347.013976,437.027008,2015-06-30 00:00:00,2.321982374796573,145.004,1021.971968,20.328,0.451,11.834,166.923008,11.834,337.044,53.623,-128.231,70.098,28.671,956.346968,-12.961,101.628,1414.841984,0.0,164.341456,0.855,-998.124032,1560.296984,390.667008,61.621,-11.326,46.36,7.32545,-26.937,1560.29696,0.275,253.316,0.0465819731201705,91,-41.395,136.864,25.0,1415.292984,166.76,0.85845,-32.567,47.562,-128.231,7.25045,-157.09,-108.187,6.467,53.623,2412.965888,-128.231,20.044,53.623,0.0301924316630195,155.422,-0.02,7.25045,0.1164442870075176,-12.686,603.950016,1.022,25.0,-127.904,390.667008,382.102,-157.016,-130.170016,0.451,40.66525,0.502,-352.298,956.346968
-7.161,1107.563,410.636992,2015-09-30 00:00:00,0.717417943107221,126.54,1024.281984,19.034,11.935,10.334,153.280992,10.334,377.072,13.887,-111.777,50.196,64.017,716.603992,-12.151,92.246,1142.046976,0.0,244.616,0.857,-1329.081984,1280.521976,390.959008,34.964,-0.707,19.678,2.557,6.865,1280.521984,0.0,279.544,0.0314436156666961,92,21.067,118.339,20.74,1153.981976,248.289,-0.571,-22.85,-39.736,-111.777,2.557,-242.06,-39.243,3.173,13.887,2471.129088,-111.777,72.534,13.887,0.0189166610245934,-0.707,-0.025,2.557,0.1120265377360536,-12.151,563.917984,0.45,20.74,-111.563,390.959008,378.432,-242.014,-39.243,0.231,24.1937,0.068,-284.715,716.603992
-7.855,880.213024,515.072,2015-12-31 00:00:00,18.25678756476684,127.007,1026.932992,123.818,1.448,11.432,136.83,11.432,330.164992,61.089,-115.525,36.279,22.69,488.959008,-11.58,83.024,1012.406016,-679.26215,229.878144,0.856,-1583.659008,1140.861008,391.254016,15.141,-0.171,123.818,-0.59785,-17.704,1140.861056,0.0,232.678,0.0144136450630231,92,-16.023,106.183,19.77,1013.854016,233.665,-3.99485,-4.825,2.845,-115.525,-0.52285,-230.400992,-92.914,3.577,61.089,2596.065024,24.311,22.611,61.089,0.0075803258261832,-0.171,0.004,-0.52285,0.1376951243014068,-11.58,651.902,3.203,19.77,-19.595,391.254016,357.297984,-230.296,46.922,1.448,9.761,6.67,-288.679008,488.959008
-7.103,916.704952,519.607008,2016-03-31 00:00:00,0.0013564123493541,173.086,1170.79296,125.772,1.411,-14.328,119.393,-14.328,273.224,118.329,-101.779,19.272,15.726,525.15196,-13.163,51.462,989.654976,-93.732,93.732,0.933,-1693.043968,1164.151968,391.552992,-8.214,-1.179,128.054,-13.922,-1.37,1164.152064,0.0,88.759,-0.0064122321773061,91,6.087,90.81,18.96,991.065976,91.002,7.496,-83.308,101.597,-101.779,-13.922,-107.654,-83.421,-21.431,118.329,2682.699008,-101.779,18.358,118.329,-0.0032525147955687,141.171008,-0.177,-13.922,-0.2784190276320391,-13.163,639.000008,0.51,18.96,-57.932,391.552992,328.36,-107.667,-83.421,1.351,-4.6374,0.094,-323.765,525.15196
-5.29,814.374056,527.480992,2016-06-30 00:00:00,0.1239258782954346,94.629,1173.917056,128.098,0.928,3.337,136.078,3.337,350.972,40.873,-108.15,10.775,3.594,422.529064,-13.197,71.801,990.531008,-104.515,104.515,0.934,-1802.464,1086.088056,391.844992,-16.634,-0.598,135.636,-1.338,6.395,1086.087936,0.0,106.865,-0.0192098953910711,91,-4.327,90.222,19.8,991.459008,110.175,0.721,-68.428,-77.456,-108.15,-1.338,-105.853,-76.908,-1.953,40.873,2792.995072,-108.15,31.242,40.873,-0.0100520903214828,-0.598,-0.1,-1.338,0.0464756758262419,-13.197,663.558992,0.46,19.8,-108.1,391.844992,298.533,-105.747,-76.908,0.928,-13.30085,0.877,-292.486,422.529064
-7.021,894.94692,588.270016,2016-09-30 00:00:00,1.35444923142386,81.02,1177.133952,127.279,0.968,13.651,151.628992,13.651,436.587008,20.566,-135.394,11.919,5.08,437.793928,-13.146,85.53,1095.70496,5.414999999999999,-5.415,0.936,-1832.477952,1177.692936,457.152992,-13.177,-0.605,131.117,6.516,10.135,1177.693056,0.0,-3.618,-0.0110779245825029,92,4.949,97.873,24.34,1096.67296,-0.033,0.002,-37.602,-20.307,-135.394,6.516,11.931,-88.532,6.63,20.566,2928.18304,-130.221,46.862,20.566,-0.0051931990457596,64.395,-0.009,6.516,0.1596048170232666,-13.146,739.899008,1.803,24.34,-131.564,457.152992,289.48,12.047,-18.359,0.968,-6.383,-0.141,-341.775,437.793928
-9.213,1265.369024,603.715008,2016-12-31 00:00:00,0.1237529691211402,279.182016,1326.476032,29.04,0.958,20.468,169.504992,20.468,359.782016,214.142,-108.589,22.704,3.327,691.445056,-15.583,97.34,1184.525056,98.186,-98.186,0.995,-1864.31104,1464.665056,573.923968,-5.499,-2.3,29.791,5.969,-3.026,1464.66496,0.0,-92.084,-0.0047108630798221,92,-9.534,106.134,25.76,1185.483056,-88.86,-5.131,-63.15,192.318,-108.589,5.969,104.155,-70.965,11.255,214.142,3048.836096,-108.589,37.624,214.142,-0.0021300881149981,262.738,0.077,5.969,0.2102732689541812,-15.583,773.22,3.327,25.76,-108.044,573.923968,305.66,104.31,48.659992,0.958,-2.775,-1.258,-319.825984,691.445056
-8.378,1489.464024,603.592,2017-03-31 00:00:00,21.73565400609925,309.976,1445.265024,29.624,3.202,37.105,167.304992,37.105,364.263008,209.704992,-225.324,74.561,21.897,915.496024,-16.338,114.183,1373.214976,7.794447999999996,-7.79445,1.002,-1898.296064,1686.393016,573.968,44.659,171.851008,29.624,36.189552,14.244,1686.39296,3.458,-18.447,0.0687794357906295,90,-2.386,116.758,23.79,1376.416976,-14.281,9.37855,-7.214,-3.179,-225.324,36.189552,43.984,-164.015008,28.727,209.704992,3271.51104,-224.974,61.309,209.704992,0.0332122815822606,173.832,0.091,36.189552,0.3249608085266633,-12.88,770.896992,20.182,23.79,-238.32,573.968,368.854,45.9,-163.665,0.919,47.336552,0.077,-400.420008,915.496024
-7.302,1536.35892,602.521024,2017-06-30 00:00:00,0.3849209566274827,246.787008,1454.34496,28.533,3.785,25.799,212.184,25.799,442.521984,131.466,-145.348,97.023,28.053,962.370952,-17.177,116.421,1526.503936,6.76775,-6.76775,1.004,-1939.570048,1777.075976,573.987968,65.109,6.766,28.533,21.74125,2.782,1777.075968,0.0,-10.506,0.1074048500418101,91,-6.37,158.707,21.37,1530.288936,-3.48,6.42225,-61.675,-64.456,-145.348,21.74125,28.509,-85.415,18.497,131.466,3466.074112,-144.721,59.933,131.466,0.0491874055143159,6.986,0.104,21.74125,0.2216009139244638,-17.177,814.705024,15.04,21.37,-131.375,573.987968,413.474,31.687,-84.788,0.793,70.415802,1.922,-408.927008,962.370952
-8.586,1566.823952,603.644992,2017-09-30 00:00:00,1.3164713026516752,150.344992,1456.610944,29.409,1.025,38.921,252.095008,38.921,553.849024,20.178,-227.158,122.293,21.904,992.796944,-16.156,138.651008,1697.166976,-16.6806,16.6806,1.006,-1987.369984,1848.536944,574.027008,88.814,9.58,29.618,31.7196,48.115,1848.53696,0.0,15.251,0.1424145553792753,92,21.888,172.183992,27.15,1698.191976,16.547,4.3246,-54.343,-115.585,-227.158,31.7196,15.039,-125.884,30.335,20.178,3684.537088,-227.158,101.274,20.178,0.0631937436972405,10.299,0.104,31.7196,0.2807119873228761,-16.156,855.74,16.294,27.15,-227.158,574.027008,466.595008,17.979,-125.884,0.74,95.619402,-0.036,-446.279008,992.796944
-6.748,1831.619024,605.537984,2017-12-31 00:00:00,1.5515660542432197,257.17,1667.108992,31.465,7.064,52.759,282.606016,52.759,477.568,96.505,-222.431008,154.584,13.454,1257.546,-16.345,165.306,1881.456,56.0864,-56.0864,1.085,-2041.805952,2145.69,574.073024,123.57,8.942,31.465,-17.7514,3.917,2145.689984,0.0,9.918,0.0778683463139397,92,-30.246,186.105,31.13,1888.52,14.084,-59.6564,-57.15,71.56,-222.431008,-17.7514,38.335,-145.822,46.011,96.505,3923.261952,-222.431008,76.609,96.505,0.0398293248809167,217.382,0.231,-17.7514,0.319159619130582,-16.345,888.144,12.264,31.13,-222.431008,574.073024,534.560992,42.441,-145.822008,7.064,71.899,1.588,-521.136,1257.546
-8.438,1936.884064,606.446976,2018-03-31 00:00:00,0.355849358974359,206.978,1685.282048,31.917,6.993,62.946,306.492,62.946,547.088,27.03,-220.754,180.425,33.194,1362.766048,-17.926,180.764,2061.734016,20.806,-20.806,1.094,-2097.176064,2275.705024,574.118016,149.351,34.742,32.329,39.088,22.2,2275.705088,0.0,-4.955,0.0717649822106581,90,21.662,222.336992,29.91,2068.727016,-0.776,-10.39,-62.4,-49.699,-220.754,39.088,59.894,-84.605,54.508,27.03,4158.909952,-220.754,136.148992,27.03,0.0377564861312589,34.906,0.323,39.088,0.3482219911044234,-17.926,912.938976,32.714,29.91,-220.754,574.118016,601.142008,64.924,-84.605008,6.993,74.79745,0.053,-441.726,1362.766048
-8.356,2253.912,612.500992,2018-06-30 00:00:00,1.3930129716981132,320.936992,1917.986048,33.084,6.893,72.564,263.598,72.564,451.713984,122.45,-280.400992,227.19,35.392,1679.748032,-19.369,209.938,2228.016896,13.687999999999995,-13.688,1.165,-2164.013056,2555.847024,574.163968,195.062,18.567,38.337,46.118,-0.832,2555.846912,0.0,4.875,0.0821565411856751,91,-18.226,158.643,30.05,2234.909896,9.641,-12.259,-67.84,90.73,-280.400992,46.118,59.806,-162.342,64.208,122.45,4392.030208,-272.807992,118.059,122.45,0.0457770436938863,245.479008,0.33,46.118,0.3456449046861454,-19.369,876.098992,29.517,30.05,-272.808,574.163968,694.659008,65.637,-154.748992,6.893,99.1742,-0.352,-518.653,1679.748032
-11.316,2787.50592,1105.008,2018-09-30 00:00:00,1.1744491070738308,225.432,1924.194944,34.949,6.796,89.19,326.751008,89.19,1019.121024,45.942,-727.64,277.459,13.86,1722.442944,-18.444,228.515008,2921.974016,-37.943,37.943,1.165,-2234.469888,3154.201952,1065.062976,242.601,1.914,39.945,55.737,14.183,3154.202112,0.0,60.903,0.1004264790352995,92,11.114,211.321,33.05,2928.770016,65.745,-14.816,-258.7,-90.505,-727.64,55.737,17.794,-562.529984,77.874,45.942,5156.44416,-726.966,165.11,45.942,0.0492496603268778,471.351008,0.361,55.737,0.3903025922918813,-18.444,1431.759008,13.856,33.05,-726.966016,1065.062976,784.523008,25.115,-92.635904,6.796,123.1916,-0.976,-955.298984,1722.442944
118.504,3077.494024,1345.838976,2018-12-31 00:00:00,0.509233847913093,305.684992,1925.571968,34.698,26.969,73.486,330.022016,73.486,1233.292032,64.545,-294.791008,298.185984,77.425,1779.656968,-13.569,215.296992,3122.864128,-36.46799200000001,36.468,1.164,-2306.94912,3455.51796,1297.837056,388.58,508.923008,48.002,173.180992,42.923,3455.517952,-6.635,-70.213,0.2207914734562039,92,46.814,237.825008,15.53,3149.833128,-66.8,-11.434,-69.96000000000001,30.976,-294.791008,173.180992,136.712992,-105.586,191.99,64.545,5429.813248,-294.725008,189.204992,64.545,0.1121629489885804,136.496,0.271,173.180992,0.3413238583472639,-20.204,1675.860992,27.496,15.53,-294.724992,1297.837056,834.513984,144.088,272.122992,6.512,314.124,132.996,-915.062976,1779.656968
-18.039,3249.45796,1463.346048,2019-03-31 00:00:00,0.7514764122562674,229.954,1947.632,30.29,76.168,53.26,328.423008,53.26,1437.170944,20.758,-216.435008,288.5,39.742,1791.529008,-18.29,219.608,3277.176064,-38.877,38.877,1.166,-2383.814912,3583.298064,1457.928952,369.293,0.792,43.7,21.93,-56.354,3583.298048,-10.634,57.439,0.2031878045374512,90,-61.692,221.180992,19.33,3353.344064,61.013,-5.829,-89.75,-37.272,-216.435008,21.93,-16.947,-157.195008,35.221,20.758,5660.990976,-214.880008,59.24,20.758,0.1013708254140794,118.368,0.154,21.93,0.2425230410549706,-28.924,1791.769056,34.947,19.33,-214.88,1419.645952,873.358,-9.485,-41.214008,58.103,296.965992,-0.11,-987.652992,1791.529008
-18.859,3410.364064,1574.07296,2019-06-30 00:00:00,-0.2840581317949856,273.384,1956.673024,31.256,119.894,70.632,336.775008,70.632,1509.810944,59.95,-199.792,286.568,45.974,1840.603024,-19.876,235.547008,3358.172928,2.268591999999998,-2.26859225,1.169,-2462.840064,3751.450992,1569.76104,356.858,12.3,46.29,34.483408,-2.116,3751.45088,-8.172,1.637,0.1749957728421592,91,-0.612,211.429,19.88,3478.066928,18.984,-8.969592,-90.14,38.05,-199.792,34.483408,36.752,-64.535,51.773,59.95,5821.012992,-179.814,135.256992,59.95,0.0904765905811221,82.607,0.212,34.483408,0.2998637112809346,-28.048,1910.847968,37.703,19.88,-179.814,1527.78304,898.967008,45.072,25.601992,110.543,285.3314,-0.791,-889.845992,1840.603024
-18.42,3530.34,1620.864,2019-09-30 00:00:00,0.1423572768516424,269.316,1971.906048,34.181,107.198,76.255,403.356992,76.255,1602.212992,15.709,-244.492992,273.633,53.735,1912.41804,-20.381,269.555008,3560.124928,6.004999999999996,-6.005,1.169,-2554.515968,3936.639032,1617.92196,336.819,11.965,55.367,37.948,34.086,3936.638976,-16.608,1.139,0.1600864992120182,92,2.886,263.148992,16.53,3667.322928,19.293,-10.087,-75.163,-43.956,-244.492992,37.948,43.953,-85.863,57.835,15.709,6114.640896,-244.354992,158.63,15.709,0.0754614006095182,41.769,0.218,37.948,0.2828921657430308,-36.989,2024.220992,38.254,16.53,-244.355008,1565.49696,940.007008,53.753,-55.922992,102.548,267.5424,-0.245,-413.179008,1912.41804
-21.209,3644.813944,1700.451968,2019-12-31 00:00:00,1.1179441283641245,278.492,1982.179968,36.74,91.589,89.06,399.772,89.06,1635.337984,40.024,-265.176992,289.207008,38.311,1969.451968,-21.507,312.687008,3699.595008,-21.713576000000003,21.713578,1.166,-2655.586048,4069.675936,1675.361976,213.208,24.082,76.053,45.732576,24.822,4069.676032,-33.984,37.519,0.0798413883612901,92,21.372,225.925008,17.97,3791.184008,52.481,-12.495422,-31.286,24.322,-265.176992,45.732576,24.019,-66.262,67.851,40.024,6355.181056,-264.926992,198.915008,40.024,0.0373736544995356,90.334,0.295,45.732576,0.2848215554897631,-55.491,2100.223968,38.311,17.97,-264.927008,1624.398976,1037.396992,33.642,0.240016,91.589,140.622,-1.508,-373.855008,1969.451968
-18.492,3837.54004,1819.393024,2020-03-31 00:00:00,0.7226799007444169,356.635008,2015.412992,72.382,89.803,57.102,359.897984,57.102,1656.097024,27.063,-248.22,293.049,164.145,2154.38,-16.222,235.155008,3887.233024,102.617,-102.617,1.167,-2746.313984,4333.671008,1683.16004,216.069,51.849,157.082,23.112,-61.602,4333.670912,-8.058,-124.259,0.0767351356753568,91,-26.556,194.115,2.48,3977.036024,-80.508,-6.144,-80.60000000000001,-8.333,-248.22,23.112,125.729,-138.848,38.61,27.063,6633.546752,-248.22,109.372,27.063,0.0356894121257234,130.515,0.012,23.112,0.2428270632450234,-24.28,2179.291008,42.966,2.48,-248.22,1662.31104,1052.944032,135.083008,-60.227,78.432,141.275984,1.32,-355.508,2154.38
-17.824,3585.734064,1837.86304,2020-06-30 00:00:00,0.4968664130920315,227.283008,2021.468032,75.582,110.923,21.359,344.768992,21.359,1746.659968,20.573,-211.596992,243.776,51.256,1818.501024,-14.723,195.588,3662.927104,-350.305,350.304992,1.17,-3163.036928,4001.133056,1767.23304,167.831,13.522,92.656,-3.111,-11.463,4001.133056,-10.922,468.364992,0.0613444358384726,91,-0.749,182.835992,8.5,3773.850104,361.827992,0.827,-73.877,-13.287,-211.596992,-3.111,-353.416,-110.584,3.535,20.573,6825.964032,-210.540992,101.013,20.573,0.0267476177893522,96.241,-0.157,-3.111,0.1092040411477186,-25.645,2182.632032,37.952,8.5,-210.540992,1745.20704,1012.985024,-345.943008,-26.808992,68.595,103.681576,0.473,-401.557,1818.501024
-18.469,3442.11104,1922.242048,2020-09-30 00:00:00,0.5304378216940966,237.224,2025.696,72.279,66.497,43.055,286.359008,43.055,1822.669056,41.813,-205.912,210.576,45.519,1577.628992,-15.1,216.419008,3482.509056,-287.621,287.620992,1.17,-3502.223104,3786.230048,1864.482048,134.582,20.815,80.24,11.557,-12.793,3786.230016,-11.144,274.872,0.0488062636359099,92,-7.125,129.035,8.26,3549.006056,304.738,-3.072,-62.948,24.395,-205.912,11.557,-276.064,-96.338,24.586,41.813,6984.73216,-202.394,109.574,41.813,0.0200160267071898,117.215,-0.069,11.557,0.1989427841754084,-26.244,2208.601056,39.91,8.26,-202.394,1842.002048,959.849024,-266.107008,3.58,62.063,77.290576,-0.238,-412.032,1577.628992
2.694,3386.213896,1883.31904,2020-12-31 00:00:00,0.0557182585583145,261.628992,2028.237952,46.467,57.882,50.999,290.936,50.999,1815.27296,57.916,-114.726,163.244,55.996,1513.024928,-16.533,224.235008,3367.769088,-138.861,138.860992,1.169,-3701.551104,3687.279968,1873.188968,120.424,1.088,46.467,49.407,9.214,3687.280128,-2.61,146.25,0.0518975822619849,92,10.132,133.14,12.06,3425.651088,147.196,8.575,40.633,23.48,-114.726,49.407,-89.454,42.897,53.693,57.916,7069.320192,-114.511,157.623008,57.916,0.0208754563852014,-19.632,0.121,49.407,0.2274354948180081,-19.143,2174.25504,49.269,12.06,-114.511,1836.851968,862.126016,-76.593,22.392008,55.312,80.965,23.046,-302.872992,1513.024928
-20.325,3365.501968,1781.936,2021-03-31 00:00:00,-0.0896446258503403,256.864,2044.871936,17.66,44.653,136.086,376.412,136.086,1767.044992,17.924,-109.175,251.499,51.081,1580.532944,-22.188,310.268,3437.363968,0.0,23.812,1.169,-3776.413952,3738.880944,1784.969024,197.575,-0.713,20.159,84.457,16.308,3738.881024,-2.855,53.452,0.0849423292259868,90,-23.26,150.08,23.45,3482.016968,57.147,-22.451,66.15,-43.126,-109.175,84.457,60.645,60.22000799999999,115.761,17.924,7213.77792,-108.895,169.395008,17.924,0.0352577477675579,-103.626,0.437,84.457,0.4386079131589465,-25.043,2158.348,47.01,23.45,-108.895,1761.777024,946.510016,69.498,-39.49999999999999,44.231,142.31,-0.675,-103.805,1580.532944
-17.926,3428.913928,1709.842944,2021-06-30 00:00:00,0.7734494455914962,333.628,2062.985984,3.017,38.891,187.91,422.58,187.91,1682.156032,44.632,-142.243008,418.05,61.306,1702.125984,-24.397,400.231008,3462.03008,0.0,15.801,1.171,-3867.85792,3834.548928,1726.787944,364.024,0.221,13.888,121.706,31.778,3834.548992,-9.628,61.698,0.1710382335220262,91,-7.991,133.791,36.01,3500.92108,68.842,-32.352,65.385,30.951,-142.243008,121.706,105.905,115.956992,169.984,44.632,7329.888256,-142.227008,258.2,44.632,0.0681821948271069,-85.022,0.779,121.706,0.4695038521353148,-34.025,2132.422944,55.135,36.01,-142.227008,1695.954944,1151.153024,121.831,33.64299999999999,36.467,267.127,0.014,122.736,1702.125984
