Non-Operating Income (Loss),StockBased Compensation,Line of Credit Available,Equity Charge,WACC Discount Factor,Other Accrued Liabilities,Operating Leases,Line of Credit,Total Current Liabilities,BALANCE SHEET,Total Liabilities & Equity,Operating Income,NonCash Items,Days in Period,Net Share Repurchases,"Cash, Cash Equivalents & STI",Misc LT Assets,Rental Expense - Years 2 - 5,"Selling, General & Admin",Revenue,ST Debt,-Net Share Repurchases,LTM Basic EPS,Rental Expense - Year 1,ST Capital Leases,Rental Expense Beyond Year 5,Dep & Amort,Work In Process,Total Liabilities / Tangible Assets,Current Liabilities,Other Adjustments,Free Cash Flow (LTM),Deferred Compensation,Other Operating Expenses,Free Cash Flow to Firm,ST Deferred Tax Assets,Cash (Repurchase) of Equity,Free Cash Flow to Equity,Deferred Tax Liabilities,Repayments of LT Debt,Other PostRet Benefits,Effect of Foreign Exchanges,Income (Loss) from Cont Ops,year + weight + convention,Free Cash Flow to Firm Model,Dividends,Net Extraordinary Losses (Gains),Net Cash From Disc Ops (fin),Period Weight,Pretax Income,LT Marketable Securities,ST Borrowings,Dividend Yield (LTM),Free Cash Flow per Share,LT Receivables,Prepaid Expenses,Cash % of Revenue,Diluted - Basic Shares,Diluted EPS,Operating Margin,Operating Expenses,Line of Credit Used,Interest & Dividends Payable,PP&E Gross,EBITDAR,A = L + SE,Inventories,Discontinued Operations NI,PV of Free Cash Flow to Firm,Pensions,Raw Materials,Other Non-Op Income (Loss),Bull,Discounted Residual Income (Bear)
-9.202,9505.67012,3171.922944,2011-03-31 00:00:00,-0.9497792207792208,3921.488896,968.694016,964.937024,258.723008,420.136992,3180.961024,420.136992,-172.002,1146.435008,-526.767008,1547.044992,180.53,8531.23712,-69.661,6266.009088,10659.848192,132.595696,-0.3237,193.636992,0.0,14884.121088,974.433,1505.488,0.0,2197.531072,238.118304,-140.422,14884.120576,-96.274,118.485,0.1074606367593393,90,-140.422,3175.479072,63.36043212000001,10962.632192,117.079,-172.816704,-77.0,153.594,-526.767008,238.118304,268.903008,-3.867,410.935008,1146.435008,0.0,-526.691008,522.9,689.419008,0.0616128719953039,-15.059,0.993,238.118304,0.0,-165.935008,6352.883968,0.0,63.36043212000001,-362.535008,974.392,22633.243648,238.442,31.198992,258.723008,864.242608,-3.916,458.034,8531.23712
-4.152,10363.640896,3394.80192,2011-06-30 00:00:00,-306.556992,4213.517056,982.387008,965.390976,246.78,470.863008,3343.067904,470.863008,195.147008,1339.328,-700.598976,1559.738016,226.076,8829.165888,-77.532,7384.573952,11062.3488,80.303744,-23.11975,193.714,-6741.945856,15567.035712,1534.475008,1526.158016,-7.672,2210.273024,256.896256,-315.232992,15567.036416,-122.538,46.281,0.1028311564806322,91,-315.232992,2985.174144,56.66366076,11353.518784,57.251,-209.814752,1.0,111.827,-700.598976,256.896256,311.612992,-305.556992,466.711008,1339.328,17804.294144,-673.136976,395.041984,801.246016,0.0582639268327554,500.008992,1.648,256.896256,0.0,-200.07,6737.869824,0.0,56.66366076,-784.108992,1184.529024,24425.464832,280.016,281.895024,246.78,848.158256,5.809,45.382008,8829.165888
18.289,10212.868128,3138.860032,2011-09-30 00:00:00,0.0,4460.630016,993.283968,934.081984,650.953024,508.356992,3463.869952,508.356992,-448.169984,1772.685984,-617.633984,1699.755008,280.105,8888.352128,-72.858,7194.393088,10338.783232,-245.864744,-0.04225,193.719008,-6121.764864,15491.082112,1324.516,1695.812032,-0.947,2164.31904,347.267744,150.434,15491.08224,-85.505,-53.487,0.1180886740578928,92,150.434,3113.894944,38.10946175999999,11030.452224,47.619,-179.378256,0.0,477.735008,-617.633984,347.267744,406.113984,341.171008,526.646016,1772.685984,16460.548096,-617.542984,958.804992,1278.980992,0.0681096608687535,-263.778,1.181,347.267744,0.0,-158.363008,6602.729984,78.679,38.10946175999999,-198.25,974.540992,26409.051136,347.310016,131.252008,650.953024,995.208304,33.143,252.815016,8888.352128
-5.68,9377.955168,2534.812928,2011-12-31 00:00:00,-4.137948717948718,3447.67104,1011.883008,903.731968,173.455008,466.4,2824.928,466.4,-446.408,1045.965984,-758.158016,1510.002944,181.08,8778.397184,-79.183,6794.033152,10475.149312,0.0,372.287456,193.908992,-6861.49376,14138.138112,599.557984,1502.626944,0.714,2285.259936,254.334448,-520.484,14138.1376,-196.324,564.841024,0.1043467481136603,92,-520.484,2273.868032,48.10283964000001,10690.467312,611.154024,-206.385552,156.0,-765.107968,-758.158016,254.334448,-113.928,-489.52,460.72,1045.965984,17336.643584,-758.011016,268.638016,513.872992,0.0624429825413064,-769.494976,1.397,254.334448,0.0,-275.507008,5359.740928,0.0,48.10283964000001,-269.46,249.552992,4222.520064,-117.953,-1214.384008,173.455008,885.7968,4.919,-287.703008,8778.397184
-19.846,9718.682176,2571.975936,2012-03-31 00:00:00,-3.305451664853101,3804.60288,1027.726016,1040.073024,166.566,467.232,3245.889024,467.232,-831.401984,1431.001024,-567.264,1912.852,233.635992,9119.0832,-88.159,6953.86112,10922.958848,108.438512,-11.8625,194.344992,0.0,14936.94816,599.598976,1901.463008,0.0,2322.411072,269.575488,298.334016,14936.947712,-52.927,54.717,0.1278247550807055,91,298.334016,2895.568928,48.56022222000001,11132.344848,62.227,-177.810496,-183.8,422.776,-567.264,269.575488,290.071008,423.742016,447.385984,1431.001024,0.0,-567.141,991.006016,936.649024,0.07565617201272,-51.259,1.518,269.575488,0.0671902978700846,-141.086,5817.86496,0.0,48.56022222000001,-525.511008,249.564992,28326.861312,281.438016,423.854016,166.566,1128.073936,-14.53,-30.163968,9119.0832
5.819,10096.20016,3145.387008,2012-06-30 00:00:00,10.835279198855508,3443.952896,1038.572992,1064.268032,168.356992,487.264992,2550.753024,487.264992,-350.841984,1142.413984,-769.755008,1929.253984,289.366,9304.62816,-87.619,7146.727936,11346.390016,-67.88556000000003,3.28055,194.38,-7590.710784,15000.768192,791.572,1927.836,-3.943,2353.859072,294.58656,-401.590016,15000.768512,-96.724,104.26,0.1285736715564577,91,-401.590016,2534.439968,43.39956594,11556.815008,139.541,-198.497456,-34.95,-265.007008,-769.755008,294.58656,295.436992,-413.643008,493.084,1142.413984,18937.100288,-769.715008,356.112,671.641984,0.0762739910664742,138.792,1.326,294.58656,0.0681801513032998,-184.343008,5696.140032,0.0,43.39956594,-751.592,791.528,28089.015296,291.305984,-221.696,168.356992,1165.76424,7.941,-138.249984,9304.62816
-16.573,10801.383112,3748.457984,2012-09-30 00:00:00,-0.874025199576801,4101.971968,1054.766976,1184.352,332.476992,427.58,3224.621056,427.58,-123.673,1308.298016,-819.596992,1848.476992,338.156,9616.758144,-66.143,2655.355904,12111.91808,122.7936,21.9544,194.452992,-7631.197184,16589.837184,1184.624968,1812.196992,-3.864,2563.878016,233.6344,-148.878,16589.837312,-94.063,86.578,0.1137124697486374,92,-148.878,3171.451088,46.33371834,12487.865088,207.782,-177.372608,-519.85,145.052,-819.596992,233.6344,226.680992,-65.488,411.007008,1308.298016,19743.115264,-819.565992,754.108992,816.694016,0.0655923153508489,335.134016,1.198,233.6344,0.1610254954358088,-160.206,6973.07904,22.057,46.33371834,-953.08,1184.579968,23549.978112,211.68,327.546008,332.476992,1052.130896,-15.093,-544.908992,9616.758144
-6.014,11187.281712,5171.527168,2012-12-31 00:00:00,-0.4908594468571429,4108.582912,1068.550016,1213.410944,359.351008,406.723008,3409.081088,406.723008,1182.328064,1062.918968,-1400.551936,1610.185984,443.033008,8942.034816,-67.086,1302.670976,13011.605504,-145.8796,130.1586,194.616,-8138.587136,17522.643072,2245.246896,1606.226944,-2.493,2926.325952,254.0936,4.341,17522.642944,-137.271008,308.144,0.1208700826255251,92,4.341,3184.858048,51.3908163,13414.05952,480.840992,-146.615392,-875.0,130.622,-1400.551936,254.0936,158.687008,-445.497984,400.708992,1062.918968,21150.193664,-1400.551936,955.054016,947.315968,0.0676505772504052,263.042,1.361,254.0936,0.3122223612050446,-204.356992,8580.608256,0.0,51.3908163,-1087.23904,2245.200896,4608.5632,123.935,612.39608,359.351008,1070.93504,0.0,-485.443008,8942.034816
-18.812,11645.851248,5341.108224,2013-03-31 00:00:00,-0.7149086357947434,4098.802944,1061.729984,1286.604032,189.684,385.814016,3272.082944,385.814016,1174.713984,1332.643024,-1035.020992,1707.382016,462.545008,9138.494144,-81.467,1298.928,13421.16352,58.84379999999999,4.5422,194.683008,-8444.82816,17751.685312,2507.357104,1671.801984,-7.428,2833.796992,187.2252,211.462,17751.68512,-108.533,-83.921,0.1062068358503895,90,211.462,3250.041888,54.99809778,13652.88152,-58.58,-179.7768,-399.5,169.788992,-1035.020992,187.2252,360.599008,-113.894,367.001984,1332.643024,21865.992192,-1034.991992,921.126976,1117.105024,0.0593196885891712,196.17,0.975,187.2252,0.2970249436458371,-190.0,8613.191168,0.0,54.99809778,-933.939968,2507.311104,12403.682816,182.683008,148.123976,189.684,969.53976,-5.172,-1038.522992,9138.494144
2.599,12197.808856,5938.496,2013-06-30 00:00:00,-0.6785592315901815,4415.712768,1076.387968,1334.690048,135.234,471.636,3752.306944,471.636,1959.326976,1104.309984,-928.596992,1691.753024,474.920008,9134.171776,-86.904,1315.6,14233.375744,17.464336000000003,13.05265,194.771008,-8794.518528,18824.97472,3063.63708,1652.952992,-4.331,2892.434048,272.941664,-146.318,18824.974336,-88.772,260.586,0.1028152447328554,91,-146.318,3724.62896,52.54721754000001,14409.261744,300.578,-201.293344,-562.2,-142.679008,-928.596992,272.941664,402.644,-180.714,474.235008,1104.309984,23027.894272,-928.456992,747.883008,974.425984,0.0560457677609315,-112.63,1.535,272.941664,0.358494983277592,-175.676,9690.802944,0.0,52.54721754000001,-773.0,3046.06208,6572.55488,259.888992,19.415008,135.234,947.894864,17.714,-805.593984,9134.171776
22.594,11523.037936,5388.813824,2013-09-30 00:00:00,-14.799073133514986,3770.806016,1089.460992,1304.212992,135.244,427.951008,3184.226048,427.951008,1281.261952,1323.730016,-756.292992,1692.124032,431.256992,8918.045952,-106.102,2906.096128,13543.554048,128.92559999999995,0.5954,194.860992,-8660.92032,17491.085824,2604.991984,1692.490976,590.222976,2805.603968,252.7104,158.836992,17491.085312,-147.844992,-278.471008,0.1043410935439757,92,158.836992,3162.444096,60.32,13720.280048,-210.079008,-197.834592,-18.35,59.511,-756.292992,252.7104,284.808992,253.212992,450.544992,1323.730016,22204.473344,-755.086992,1009.505984,1033.937024,0.0567455801985274,70.18,1.468,252.7104,0.1472597564398255,-253.947008,8573.039872,0.0,60.32,-1038.929984,2583.209984,6823.295104,252.115008,254.418992,135.244,966.970864,43.118,-486.892992,8918.045952
-22.621,11558.541992,5689.72288,2013-12-31 00:00:00,-1.3721942857142857,3508.643072,1097.553024,1121.117952,479.527008,299.543008,3224.030976,299.543008,1837.81504,1124.996992,-894.836992,1570.770944,1089.578968,8595.730048,-111.463,1344.259968,13481.055232,-294.13009600000004,82.223104,194.92,-8540.238848,17509.483904,2962.811944,1576.36096,-305.316,2753.15992,262.710096,308.588,17509.484544,-45.29,177.826,0.1122606142383276,92,308.588,2550.544912,64.88,14000.841216,194.532,-14.2119,-175.0,-283.782016,-894.836992,262.710096,75.421,65.134,276.921984,1124.996992,22021.29408,-894.557992,959.971008,750.155008,0.0561998484583729,-261.427008,1.179,262.710096,0.2228311599918148,-156.752992,8913.753856,0.0,64.88,-985.308992,2936.562944,5310.58176,180.487008,415.413016,479.527008,984.400128,0.0,48.143,8595.730048
-23.076,11750.346008,6190.216192,2014-03-31 00:00:00,0.924543812865497,3373.55904,1071.593024,1288.978944,483.886016,372.235008,3056.844032,372.235008,2425.652992,1020.614976,-996.217984,1571.365024,1052.582992,8304.077888,-92.026,1299.622016,13654.990848,-158.42469599999998,9.7357,194.946,-8850.951168,17551.138112,3446.26812,1550.860992,-6.559,2774.594944,179.021696,18.673,17551.138816,-138.466,132.532,0.110922156918744,90,18.673,2437.18592,62.86,14177.578848,155.699,-170.137296,-171.0,-101.543,-996.217984,179.021696,155.252992,-329.096992,349.159008,1020.614976,22505.940992,-996.191984,667.121024,648.611968,0.0548048993334786,235.126,0.971,179.021696,0.2864178995256418,-230.492,9247.060224,0.0,62.86,-1001.955008,3415.62112,6865.578112,169.286,149.92904,483.886016,967.383856,0.942,-191.464,8304.077888
-37.403848,12220.490976,6624.516096,2014-06-30 00:00:00,-0.5281049334377447,3232.93312,1081.309056,1330.537984,404.033984,342.015008,2850.521088,342.015008,2733.135872,1088.458016,-844.326016,1441.744032,802.508984,8398.897024,-95.0,1357.905024,14196.88448,121.800192,0.0118,195.016992,-9318.710272,17873.934208,3821.593952,1381.237152,-1.449,2838.022016,142.679808,29.776,17873.934336,-134.812,88.867,0.0954906422314386,91,29.776,2522.559968,66.48,14641.001472,83.822,-161.93136,-255.4,12.474,-844.326016,142.679808,129.412,-120.522,304.611168,1088.458016,23515.594752,-841.263016,723.804032,661.086016,0.0456210841298774,188.498,1.216,142.679808,0.2518696094020785,-229.812,9475.037184,0.0,66.48,-910.129024,3786.493952,6907.883136,142.668,253.541016,404.033984,837.122,-8.687846,-131.272,8398.897024
-27.308,12428.375768,6823.041024,2014-09-30 00:00:00,-1.1769137931034483,3287.11808,1091.603968,1317.102976,147.612992,387.465984,2620.217088,387.465984,2891.65696,1134.211008,-966.161024,1401.259008,888.818008,8402.507776,-82.96,1393.702016,14372.837376,-157.772904,-57.9171,195.036992,-9698.266112,17845.765888,4025.867992,1290.850176,-0.162,2836.780032,213.139904,-41.509,17845.766144,-117.433,103.996,0.0920930723722414,92,-41.509,2394.575072,56.91,14558.648384,150.431,-147.018096,406.0,12.935,-966.161024,213.139904,245.708,-71.827,360.158016,1134.211008,24071.102464,-966.112024,894.334016,674.020992,0.0451399301940116,137.716,0.986,213.139904,0.2780120711255396,-200.392992,9443.258112,0.0,56.91,-1008.164992,3986.260992,5395.489024,271.056992,-71.778008,147.612992,797.551504,2.339,-456.311992,8402.507776
-50.935152,11556.490976,5002.417152,2014-12-31 00:00:00,-1.09146455934855,3279.149056,1101.780992,871.118016,113.542,273.066304,3147.887104,273.066304,1328.435968,1654.621024,-872.758976,1348.893312,531.685984,8573.433856,-94.018,1407.625984,13331.047424,112.93099999999998,-332.1,195.04,-9503.52384,16723.738112,2983.05712,1255.911808,-2.808,2484.747968,109.862,-10.669,16723.7376,-175.229696,-33.333,0.076214896387304,92,-10.669,2478.468928,50.52,13444.589424,-268.805,-112.269152,1246.45,519.287008,-872.758976,109.862,375.239008,-114.006,222.131152,1654.621024,22834.571264,591.148992,758.753024,1193.308032,0.0382244488262214,-1040.195968,0.255,109.862,0.1939906673390877,-269.24768,8150.304256,0.0,50.52,801.971968,2517.66912,5288.932864,441.961984,374.636992,113.542,654.273024,-17.497154,-670.387968,8573.433856
-41.046,10818.00288,4779.440128,2015-03-31 00:00:00,-3.1506364121212123,2588.187904,1075.49696,1250.752,91.788,-164.405152,2176.91904,-164.405152,1244.42496,1369.099968,-823.84,746.541536,471.706992,8204.477952,-86.967,749.150016,12480.861184,-144.59,-168.2,195.042,-8850.951168,15160.83712,2613.524928,589.847568,-9.084,2187.731008,-164.67,258.807008,15160.83712,-80.580152,-25.334,0.0292539595032196,90,258.807008,2006.218032,46.6,12572.649184,-209.52,40.781152,165.0,-212.306,-823.84,-164.67,-14.441,-354.855008,-205.451152,1369.099968,21331.812352,-406.598016,468.984992,981.001984,0.0147634195178199,-304.135008,-0.877,-164.67,-0.2194555809767212,-167.547152,6956.359168,0.0,46.6,-371.052992,2591.708928,4908.38304,3.53,-235.084032,91.788,241.470312,-12.961,-660.956008,8204.477952
-48.535616,11145.856176,5477.13024,2015-06-30 00:00:00,1.2009509019607845,2499.43296,1087.60896,1274.516992,72.782,-39.032152,1806.787968,-39.032152,1974.998016,1304.811968,-609.774976,365.494376,442.897008,7866.04608,-79.176,718.620992,12577.748992,43.109,7.2,195.056,-9070.951424,15149.964288,3279.810096,197.668632,-0.044,2212.262016,-81.786,-151.636,15149.964288,-16.805154,28.653,0.0020909392539858,91,-151.636,1735.511976,41.57,12650.530992,18.599,5.781769,-204.0,-71.734,-609.774976,-81.786,-73.834,-448.993984,-87.567768,1304.811968,21648.699392,-603.910976,160.780992,909.267968,0.0010298301962229,377.948992,-0.526,-81.786,-0.0543153518120439,-95.981152,7283.918208,0.0,41.57,-621.121984,3264.868096,4269.099008,-88.986,222.638016,72.782,17.004504,-19.892616,-989.427992,7866.04608
-15.806231,9380.515976,4948.273152,2015-09-30 00:00:00,-0.4935837046467217,2165.803008,1097.297024,1314.205056,293.408992,-131.450616,1651.234944,-131.450616,2058.297984,1293.764,-541.454016,-153.422224,290.673008,6028.454016,-71.791,665.588992,10168.75008,-1710.547,1510.36096,195.056,-11617.36704,12627.962112,3352.06196,-309.746232,-0.001,1620.584064,-76.721,-10.145,12627.961856,-81.533616,2325.718016,-0.0378154143753968,92,-10.145,1616.802976,24.2,10462.159072,1544.838016,70.535848,-157.1,-30.601,-541.454016,-76.721,-1595.426048,-79.558,-147.256848,1293.764,21786.116096,-540.718016,461.896,878.667008,-0.0179076481879735,89.886,-0.93,-76.721,-0.1974951773240865,-153.324608,6599.508096,0.0,24.2,-586.104,3327.68896,3540.985984,-1587.081984,-19.275016,293.408992,-272.8564,14.338769,-997.158992,6028.454016
-56.813152,8366.202856,4512.455168,2015-12-31 00:00:00,2.632122538293217,1397.233024,1105.129984,784.635008,278.214016,-149.231008,1674.628992,-149.231008,2603.003904,456.471008,-574.667008,-198.290768,391.843,5306.727936,-68.729,653.756992,9818.364928,-521.0991919999999,434.418208,195.056,-11924.19328,11493.812096,3059.47492,-642.491776,12.811,1471.861024,-148.815808,-61.962,11493.812224,-219.066,433.247008,-0.0676176556199036,92,-61.962,1609.924008,22.45,10096.578944,430.337008,57.228352,-137.1,-595.483008,-574.667008,-148.815808,-587.132032,-497.964,-206.04416,456.471008,21742.557184,-574.598008,76.703,283.183008,-0.0332610026686915,-335.676,-1.305,-148.815808,-0.2282667869348004,-287.795008,6187.08416,0.0,22.45,-338.528,3040.59392,2787.116032,-583.233984,-786.173024,278.214016,-469.272,-26.311154,-1188.786944,5306.727936
-8.1634615,8652.784208,4877.854208,2016-03-31 00:00:00,1.9358034285714285,1698.930048,1101.789056,1262.42304,269.419008,-131.804536,1377.755008,-131.804536,2878.54592,569.150016,-210.028992,-451.518312,507.118,5205.088128,-73.507,429.094016,9492.347904,63.964296,88.385696,195.056,-12438.43584,11460.697344,3447.69608,-580.836776,-1.052,1468.336032,-111.099296,-104.347,11460.697088,-17.377538,146.678,-0.062406509129936,91,-104.347,1332.628992,25.19,9761.766912,60.995,28.8687,-56.0,139.88,-210.028992,-111.099296,-198.802,-164.404992,-139.968,569.150016,21930.784768,-209.995992,45.624,423.063008,-0.0314348602699434,304.679008,-0.713,-111.099296,-0.3071693640211473,-90.884536,6255.609216,0.0,25.19,-193.948,3409.51808,2467.060992,-199.484992,203.938024,269.419008,-418.422104,22.056538,-1190.920976,5205.088128
54.886616,7647.190008,3862.19008,2016-06-30 00:00:00,-46.94557257142857,1037.854976,1109.292032,1379.954944,311.292,-210.42416,880.748992,-210.42416,2076.790016,398.707008,-394.558016,-622.91032,193.478,5171.693056,-67.113,411.216992,8565.485056,62.316848,-46.075848,195.056,-12241.549312,9914.632128,2475.496952,-648.806544,-0.086,1426.703944,-43.170848,17.554,9914.632192,-116.974152,24.886,-0.0582627015371509,91,17.554,836.603008,31.75,8876.777056,-205.632,112.366688,7.0,-155.58,-394.558016,-43.170848,2.93,-321.619008,-155.537536,398.707008,20807.03488,758.734016,72.939,267.483008,-0.0303062490794984,-1036.708992,-0.364,-43.170848,-0.5117107612129024,-184.087152,4742.939072,0.0,31.75,785.206016,2435.485952,2159.656992,2.905,-141.808968,311.292,-379.806952,89.336616,-1063.546,5171.693056
-23.00123,8100.320096,4394.226176,2016-09-30 00:00:00,-1.3519909630048008,1605.123968,1116.731008,1370.093952,348.555008,8.203,914.201024,8.203,2143.700992,871.030992,-177.080992,-483.256704,171.592,5085.588096,-55.523,486.276,8440.335872,-30.8395,-5.1255,195.056,-12425.413632,10394.015296,3014.732,-516.347927,-13.991,1420.337952,-19.7085,-65.825,10394.01472,-26.352,20.436,-0.0580876784066661,92,-65.825,870.081,30.4,8788.89088,-8.52,-4.910269,35.410000000000004,485.609984,-177.080992,-19.7085,-16.176,-12.464,-14.798231,871.030992,20865.748992,-175.782992,164.616992,753.092992,-0.0280422882834923,484.120992,-0.199,-19.7085,0.0168690208852585,-81.875,5308.4272,0.0,30.4,-163.887008,2973.888,1980.344,-14.583,527.642,348.555008,-322.794452,16.217769,-996.452,5085.588096
8.602154,7929.862976,3876.749056,2016-12-31 00:00:00,67.26383164458302,1559.182976,1111.854976,931.446016,420.489008,-3.52684625,1502.432,-3.52684625,2028.845056,984.338992,-145.28,-329.881696,90.674,4916.67904,-69.067,482.988,8316.18816,-107.7577,49.4347,195.056,-12607.814656,10295.860096,3013.183936,-309.170624,-0.114,1453.999016,-13.3453,113.929,10295.860224,-17.204846,55.189,-0.0371473721912408,92,113.929,852.735016,31.13,8736.677152,12.503,-18.420608,2.566,119.704,-145.28,-13.3453,-63.922,175.164992,5.0753075,984.338992,20924.002304,-144.759,320.444992,872.796992,-0.0174290230799159,-45.802,-0.174,-13.3453,-0.0073021405293713,-86.271848,5379.181056,0.0,31.13,-141.284,2422.749952,1799.47904,-62.78,173.046992,54.554,-189.886352,52.883152,-326.152992,4916.67904
-99.618,7955.520064,3844.85504,2017-03-31 00:00:00,0.1421167883211679,1609.856,1093.282944,1313.650048,409.019008,82.518,1468.64896,82.518,1909.634944,1087.401984,-211.631008,-123.23000625,79.716,4958.483072,-51.255,546.112,8253.111808,160.402,-133.9,195.056,-11486.579712,10271.987072,2997.036992,-182.3604595,-5.808,1423.244048,-76.405,43.418,10271.986688,-32.274,-90.087,-0.030034649238252,90,43.418,855.574024,28.59,8662.130816,-31.554,-59.305,82.2,3.056,-211.631008,-76.405,58.464,93.882,-17.1,1087.401984,19739.691008,-147.534008,305.512992,875.852992,-0.0140460929329449,-58.604,-0.027,-76.405,0.1511008730809797,-83.529,5313.504,0.0,28.59,-246.984992,2421.611008,1926.592992,57.495,148.318984,409.019008,-152.629648,-55.021,-65.036016,4958.483072
-106.065384,7913.56288,3801.470976,2017-06-30 00:00:00,1.63704,1540.58304,1098.598016,1326.83904,432.102016,62.885,1357.641984,62.885,1837.283968,1098.590976,-220.023008,150.07915375,95.779,4977.687936,-52.809,504.420992,8164.115968,107.8029,-34.9329,195.056,-11795.083264,10136.800896,2935.874944,-70.0033075,-1.273,1434.41204,-52.2869,-0.837,10136.80128,-21.386,94.551,-0.031873017699797,91,-0.837,747.589976,25.63,8596.217984,69.148,-9.106515,25.0,182.634,-220.023008,-52.2869,-17.571,65.926,-43.180384,1098.590976,19959.199744,-219.817008,285.948992,1058.486976,-0.016133080981553,-46.738,-0.154,-52.2869,0.1246676902772515,-74.195,5159.11296,0.0,25.63,-48.834,2367.058944,2019.796992,-17.354,63.808984,432.102016,-161.7457,-60.920384,322.508992,4977.687936
-83.546152,7907.999816,4381.094912,2017-09-30 00:00:00,-2.6938214285714284,1447.156992,1105.991936,1364.054016,461.864008,38.025,831.529984,38.025,1930.658944,997.206976,-274.763008,179.90115375,65.901,4980.133888,-51.374,497.619008,8283.738112,92.789048,11.72395,195.056,-12027.901952,10192.758784,2927.865928,-100.7262285,-0.07,1472.810016,-54.594048,-41.511,10192.758784,-30.363,128.226,-0.039069477244167,92,-41.511,778.519032,26.56,8745.602112,91.529,-9.072896,28.0,-61.28,-274.763008,-54.594048,-65.893,-47.427,-45.521152,997.206976,20311.640064,-269.920008,227.336,997.206976,-0.0191026775479697,-54.145,-0.149,-54.594048,0.0764138816819473,-81.737,5212.624896,0.0,26.56,-233.284992,2908.284928,2031.14,-66.318,-53.516008,55.161,-196.631248,-34.865152,287.545992,4980.133888
6.573231,7546.513168,4406.543872,2017-12-31 00:00:00,-0.87946,1371.602944,1112.721024,840.755968,269.308008,38.949692,834.206976,38.949692,1961.334016,964.988032,-303.249984,-149.026304,58.016,4620.191104,-48.135,539.656,8220.030976,-344.867,306.1,195.056,-12280.740864,9860.941952,2926.322064,-419.283616,0.035,1500.023952,21.339,90.543,9860.941824,-65.583308,-48.23,-0.0848737587676227,92,135.344,758.107968,31.05,8489.338976,215.757008,-24.183924,50.0,-32.219,-303.249984,21.339,-286.791008,6.027,45.522924,964.988032,20500.772864,-302.889984,309.276992,964.988032,-0.0401566684076412,-45.73,0.067,21.339,0.0721750374312525,-113.718304,5240.750848,0.0,31.05,-302.889984,2906.520064,1310.029952,-284.760992,3.766008,57.765,-404.715008,49.933232,230.548992,4620.191104
-25.650202,7610.31412,4379.831808,2018-03-31 00:00:00,-0.470864406779661,1308.043008,1086.256,1352.26304,422.431016,8.855253,866.070976,8.855253,1979.392,938.614976,-247.054,148.714945,62.632,4692.307072,-48.096,366.827008,8207.735808,111.81019,-116.632192,195.064992,-12422.868992,9938.209856,2918.007048,-59.973562,-9.047,1480.98204,-26.05119,-3.553,9938.209792,-19.770746,-11.168,-0.0231262179230741,90,-3.553,770.564976,25.84,8630.166816,-158.884,-9.256241,59.0,-26.623,-247.054,-26.05119,168.252992,31.219,-16.79495,938.614976,20630.605824,-246.794,278.272992,938.614976,-0.0110432511737758,-52.305,0.259,-26.05119,0.0241401336512277,-67.866744,5245.902784,0.0,25.84,-273.641984,2898.850048,1908.523008,90.581,31.478992,53.553,-111.593138,18.890798,55.745,4692.307072
-32.25719,7588.357168,4370.253824,2018-06-30 00:00:00,0.0,1315.355008,1093.19104,1345.55904,421.951992,22.042,903.556992,22.042,2015.410944,901.308032,-318.183008,107.871945,64.305,4671.638144,-56.295,389.143008,8208.141824,30.56323,9.75477,195.064992,-12625.178624,9945.44896,2916.719024,-27.008368,92.322,1472.90904,-15.43023,26.051,9945.449472,-19.547,30.114,-0.0154905052187851,91,26.051,793.472016,33.77,8630.093824,29.177,-5.21504,0.0,-44.634,-318.183008,-15.43023,45.519,-97.389,-10.21519,901.308032,20833.32096,-317.822008,220.794,901.308032,-0.0074430370303544,49.063,0.364,-15.43023,0.0566424156334835,-75.842,5273.810816,0.0,33.77,-317.822016,2897.345024,1793.245024,-25.185,-97.028008,51.311,-74.736468,12.06781,-107.57,4671.638144
-74.867952,7691.78088,4384.178176,2018-09-30 00:00:00,0.0,1381.286016,1100.444032,1349.910016,401.167008,93.522072,875.513984,93.522072,1977.121024,947.731968,-232.392992,163.369017,109.347,4766.928,-60.683,473.235008,8244.167168,118.86496,-43.69796,195.064992,-12916.001792,10026.62016,2924.85288,37.16691,72.234,1480.279016,12.43304,-31.999,10026.619904,-16.243924,33.79,-0.0015818879757994,92,-31.999,831.819024,33.34,8645.334176,48.05,-6.2210865,0.0,55.134,-232.392992,12.43304,93.943,37.292,18.654126,947.731968,21160.169472,-232.092992,269.684992,947.731968,-0.0007625733825911,28.817,0.374,12.43304,0.1976228943738667,-76.926928,5259.69216,0.0,33.34,-232.092992,2903.89888,1768.861024,56.131,37.438,54.712,-7.70938,-30.65895,-22.851,4766.928
-73.733712,8307.62784,5008.886784,2018-12-31 00:00:00,0.0,879.814016,1174.718976,1307.04,1740.64,66.451872,846.057984,66.451872,2750.063104,359.923008,-1008.284992,163.53512,212.017992,5197.641952,-40.118,503.448,8432.13312,46.6831,-46.1501,195.076992,-8070.48704,11052.58672,3109.985888,-43.014924,-1.154,1899.569008,-6.9311,-4.189,11052.587008,-72.391128,-45.971,-0.0145843569652913,92,-6.602,541.282984,23.39,10172.77312,-89.205,8.742735,0.0,-487.910016,-1008.284992,-6.9311,103.379,-813.987968,-7.2818355,359.923008,16502.62016,-1008.030992,194.296992,359.923008,-0.0065897408852937,259.638,0.27,-6.9311,0.1319935167087762,-112.509128,5854.944768,0.0,23.39,-957.468032,3109.317888,1764.498048,47.611,-488.898,1594.443008,-68.907368,-26.449708,-678.032,5197.641952
-50.817,9061.414848,5018.209792,2019-03-31 00:00:00,0.0,2638.244096,1119.986944,1254.594048,167.607,126.108864,1638.230016,126.108864,3448.45696,286.280992,-270.337984,308.266808,1924.917,5326.676928,-63.36,629.353984,9177.266176,78.46268,32.75832,195.083008,-8359.119872,11983.116736,3734.73792,76.5909645,20.652,1439.685056,23.09432,-98.505,11983.117312,-59.34614,80.371,0.0027545058971034,90,-98.505,648.040016,29.3,9344.873184,95.96,-19.61054,0.0,-73.642,-270.337984,23.09432,40.182,-53.141,75.291864,286.280992,17536.385024,-270.337984,217.196992,286.280992,0.0012114421665262,-22.906,0.122,23.09432,0.200378272333301,-122.706136,6656.439808,0.0,29.3,-270.337984,3578.524928,1995.18,22.923,-53.300992,42.928,13.27821,-4.748,-927.225968,5326.676928
-113.864,10381.909056,6234.589184,2019-06-30 00:00:00,0.0,2751.891968,1129.026944,1411.87904,152.01,188.604992,2202.891008,188.604992,4957.321216,326.044,-1601.091968,474.8298,1913.302024,5098.543936,-57.532,738.352,10632.122368,113.66442,-26.32242,195.083008,-8656.714752,13536.024128,5283.36512,161.5471545,-50.339,1580.546048,41.53158,93.139,13536.023552,-67.812,10.527,0.0149261844627807,91,93.139,780.492984,24.65,10784.132368,12.939,-2.23942,0.0,10.354,-1601.091968,41.53158,92.272,-1164.05504,74.741,326.044,19288.836096,-1584.275968,437.036992,326.044,0.0059825906090481,1180.089984,0.188,41.53158,0.2554404836717446,-125.344,8437.480192,0.0,24.65,-1607.635968,4654.043136,2344.388992,98.824,427.585984,47.642,70.24002,-59.768,-1993.892008,5098.543936
-98.593,9379.324632,4824.987136,2019-09-30 00:00:00,0.0,1144.626048,1136.391936,1388.329984,141.091,186.744896,932.860032,186.744896,2918.60608,434.899008,-363.976992,568.052624,167.773,6025.819712,-55.366,813.584,10497.949696,1044.2454719999998,-81.959472,195.083008,-8946.731008,11783.66688,3353.50492,231.0449245,2006.265984,1588.552992,53.674528,45.623,11783.666688,-73.889104,-41.619,0.0213492944474593,92,45.623,770.220992,22.11,10639.040704,-9.023,-11.777369,0.0,108.855,-363.976992,53.674528,1089.001984,133.819,88.151896,434.899008,19444.680704,-361.720992,497.796,434.899008,0.0102228375156602,-39.857,0.223,53.674528,0.229533638812956,-129.255104,5757.847168,0.0,22.11,-348.408992,3236.43392,2684.737984,158.334,-1764.099968,46.499,111.481508,-53.663,-1897.365008,6025.819712
87.1302,9221.602128,4971.104256,2019-12-31 00:00:00,0.0,974.326976,1144.534016,929.526016,176.14100000000002,-31.023152,942.788992,-31.023152,3110.23104,306.76,-334.491008,474.52032,164.76,5804.611104,-56.478,634.964992,10568.036352,-2.1221500000000013,131.213152,195.088992,-9333.646336,11718.504352,3416.991024,298.294944,0.62,1646.399024,22.63415,40.335,11718.504448,-70.549152,195.096,0.0248494842897673,92,-57.144,785.22804,26.8,10744.177344,173.029,-16.159901,0.0,-128.139,-334.491008,22.63415,-71.724,1.387,56.107052,306.76,19901.681664,-333.181008,335.878016,306.76,0.0112365782946508,-131.776,0.199,22.63415,-0.0488580510592936,-127.027152,5913.893248,0.0,26.8,-333.180992,3324.705024,2816.254976,-91.266,2.519008,46.854,127.934576,161.310208,-993.697984,5804.611104
-399.158016,8880.822752,5242.731008,2020-03-31 00:00:00,0.0,1212.358016,1120.030976,1376.115968,239.789008,354.908288,864.750976,354.908288,3374.767104,407.752992,-376.129984,699.235024,139.009,5098.302864,-36.772,1001.230016,9753.637888,-589.00958,363.726592,195.100992,-10285.996032,11205.784848,3782.519888,174.750252,-33.012,1569.70096,-47.51542,-86.162,11205.784576,-74.911696,471.343008,0.0143010423424894,91,107.827,729.181992,6.13,9993.42688,389.970008,-95.86372,0.0,100.993,-376.129984,-47.51542,-416.104,16.527,-44.249696,407.752992,20039.634944,-376.129984,392.656992,407.752992,0.0060653875150847,87.764,-0.446,-47.51542,0.3544722814222941,-111.683696,6107.481984,0.0,6.13,-376.129984,3673.029888,3188.131008,-503.84,186.359008,29.662,70.324838,-358.060992,-1012.32204,5098.302864
135.414544,8530.916072,5309.809152,2020-06-30 00:00:00,-119.192,763.390016,1126.530048,1473.44896,319.630016,-294.600992,670.739008,-294.600992,3611.929088,145.504992,-213.106,223.371824,185.608,4773.482016,-39.1,209.864992,9671.010304,-200.115168,203.275168,195.100992,-10603.61728,10754.030176,3757.434056,-51.829916,-8.809,1655.715968,-112.641832,-154.180992,10754.029568,-72.365,254.214,-0.01748206122142,91,-106.492,536.698992,13.8,9990.64032,167.685,39.328624,2.0,-262.248,-213.106,-112.641832,-317.184,-236.384,-159.186448,145.504992,20274.62656,-213.106,-23.278,145.504992,-0.0066995645993877,-27.804,-0.91,-112.641832,-1.4037643400763098,-111.465,5980.54816,0.0,13.8,-213.106,3654.093056,2659.644,-323.132992,-236.181,29.624,-81.36639,174.012544,-84.651,4773.482016
19.026,8287.787016,5345.92,2020-09-30 00:00:00,-0.6077667748174295,733.656,1131.419008,1492.835968,377.376992,-38.158568,609.385984,-38.158568,3554.106112,219.636,-134.424992,-8.874424,167.015,4514.044896,-28.509,420.033984,9358.317568,-208.54051,217.053504,195.100992,-11102.2848,10469.35088,3773.74212,-166.461662,-11.12,1672.346976,-25.72149,-42.371,10469.351424,-56.030568,311.265984,-0.0325834724363361,92,-27.596,470.785016,8.92,9735.69456,247.419984,-29.64392,189.242,74.131,-134.424992,-25.72149,-243.552992,74.227,-19.13257,219.636,20460.603392,-134.424992,208.652,219.636,-0.0146716810437474,-0.869,-0.172,-25.72149,-0.0908463825631785,-84.539568,5955.305984,0.0,8.92,-134.424992,3673.57312,2266.093984,-265.83,103.678008,30.324,-163.244592,64.208,-144.243,4514.044896
122.031,8331.059968,5510.384128,2020-12-31 00:00:00,-0.4691934332619557,1000.291968,1136.79296,966.972032,423.863992,-140.3456,716.321024,-140.3456,3626.307072,310.606016,-149.108992,-118.354624,374.646,4394.146896,-35.862,330.206016,9196.695552,-83.67864999999999,149.297648,195.100992,-11455.304704,10620.852048,3936.913072,-241.087072,0.0,1677.229024,-22.39435,-6.041,10620.852224,-78.004608,230.340992,-0.0430236428572287,92,-5.766,473.018,12.1,9620.559552,184.046992,5.1212575,140.1,90.97,-149.108992,-22.39435,-171.936,74.366,-18.314608,310.606016,20652.00128,-135.358992,223.475008,310.606016,-0.0186462923760958,-4.234,-0.099,-22.39435,-0.4250243581267762,-113.866608,6226.705152,0.0,12.1,-130.865,3833.155072,1954.370048,-162.491008,87.935016,28.611,-208.273088,166.576992,-71.264,4394.146896
97.021024,7787.947944,5319.350784,2021-03-31 00:00:00,-24.68707621247112,691.305024,1109.404032,1595.339008,464.375992,-69.67148,865.384,-69.67148,3457.468928,230.87,-258.279008,-542.77664,115.031,4099.608912,-29.503,378.142016,9128.66304,0.0,294.944032,195.100992,-11869.715456,10284.343696,3688.339032,-169.284082,471.796992,1733.995008,7.29803,7.51,10284.34432,-53.14548,425.052992,-0.0347928183246536,90,-9.052,730.271984,16.41,9593.03904,336.185992,0.5624856875,0.866,-79.736,-258.279008,7.29803,-287.438016,-20.513007999999985,27.349544,230.87,20998.377472,9.744,237.766,230.87,-0.0142818726441946,-327.82,-0.184,7.29803,-0.1842468624274748,-82.64848,6184.734784,0.0,16.41,9.744,3585.356032,1338.247008,-267.032,-529.026,30.759,-153.459642,185.121024,-108.304,4099.608912
83.001,7799.62096,5289.076224,2021-06-30 00:00:00,1.3955479901719905,918.606016,1110.281984,1484.649984,487.245,57.025,1273.286016,57.025,3339.693056,418.1,-204.768992,-191.150648,76.848,4041.828064,-29.113,532.584,9198.339072,0.0,140.623392,195.100992,-12146.262016,10604.190304,3757.792896,129.928366,-39.238,1699.511992,77.643392,114.892,10604.189696,-69.267,260.919008,0.0087169956250011,91,35.617,730.400992,23.28,9685.584064,248.591008,-26.34061,101.75,187.23,-204.768992,77.643392,-63.082,243.747008,140.026,418.1,21344.600064,-203.428992,448.516,418.1,0.0034483756857081,-58.835,0.334,77.643392,0.1070723115977949,-98.38,6562.36224,0.0,23.28,-203.428992,3589.563904,1660.966016,-26.938,244.894,29.645,36.825582,126.375,371.827008,4041.828064
