Non-Operating Income (Loss),StockBased Compensation,Line of Credit Available,Equity Charge,WACC Discount Factor,Other Accrued Liabilities,Operating Leases,Line of Credit,Total Current Liabilities,BALANCE SHEET,Total Liabilities & Equity,Operating Income,NonCash Items,Days in Period,Net Share Repurchases,"Cash, Cash Equivalents & STI",Misc LT Assets,Rental Expense - Years 2 - 5,"Selling, General & Admin",Revenue,ST Debt,-Net Share Repurchases,LTM Basic EPS,Rental Expense - Year 1,ST Capital Leases,Rental Expense Beyond Year 5,Dep & Amort,Work In Process,Total Liabilities / Tangible Assets,Current Liabilities,Other Adjustments,Free Cash Flow (LTM),Deferred Compensation,Other Operating Expenses,Free Cash Flow to Firm,ST Deferred Tax Assets,Cash (Repurchase) of Equity,Free Cash Flow to Equity,Deferred Tax Liabilities,Repayments of LT Debt,Other PostRet Benefits,Effect of Foreign Exchanges,Income (Loss) from Cont Ops,year + weight + convention,Free Cash Flow to Firm Model,Dividends,Net Extraordinary Losses (Gains),Net Cash From Disc Ops (fin),Period Weight,Pretax Income,LT Marketable Securities,ST Borrowings,Dividend Yield (LTM),Free Cash Flow per Share,LT Receivables,Prepaid Expenses,Cash % of Revenue,Diluted - Basic Shares,Diluted EPS,Operating Margin,Operating Expenses,Line of Credit Used,Interest & Dividends Payable,PP&E Gross,EBITDAR,A = L + SE,Inventories,Discontinued Operations NI,PV of Free Cash Flow to Firm,Pensions,Raw Materials,Other Non-Op Income (Loss),Bull,Discounted Residual Income (Bear)
0.307042,436.451302,21.031986,2011-03-31 00:00:00,0.7089142562781712,179.984,436.983648,0.563127,1.277732,8.946047,56.944536,8.946047,-124.571824,124.57182,-59.187776,31.381418,28.384854,436.451302,-3.290589,23.805378,333.16608,-13.819875,13.53211,0.063135,-29.084148,514.427824,0.0,31.561727,0.0,21.031986,6.474268,-0.328736,514.42784,0.0,20.908108,0.0731913169843738,90,-25.291052,28.971366,267.0,334.443812,18.256279,-2.77882075,-38.825,-52.40554,-59.187776,6.474268,-7.057842,-66.348596,9.253089,124.57182,362.25024,-59.187776,-7.160821,99.70516,0.0621824460165317,1.5,1.788,6.474268,0.0,-3.290589,77.976522,0.753661,267.0,-46.74472,0.0,74.697626,-7.057842,-66.348597,1.277732,20.612767,0.307042,-165.522338,436.451302
0.015398,461.54018,21.586578,2011-06-30 00:00:00,0.5424804128547971,135.653952,440.836064,0.681133,1.186783,12.874176,72.155368,12.874176,-77.379376,77.379376,-95.260256,38.408585,22.688285,461.54018,-2.749418,29.977866,418.441376,14.195722999999996,-13.392162,0.063138,-37.504044,555.282126,0.0,38.655295,0.0,21.586578,7.040738,0.4207,555.282112,0.0,-20.49994,0.0708139559300612,91,19.746766,57.856819,221.5,419.628159,-5.934766,-5.848836,-34.104,-22.325784,-95.260256,7.040738,20.4329,-52.604752,12.889574,77.379376,455.945408,-90.233094,42.655508,77.379376,0.0608806074849277,0.0,1.889,7.040738,0.0,-2.749418,93.741946,0.211015,221.5,-64.981292,0.0,92.694918,20.4329,-47.577586,1.186783,24.235248,0.015398,-189.68329,461.54018
-0.1808,509.498672,43.443104,2011-09-30 00:00:00,0.1500602945664219,90.066568,445.000384,0.744106,4.210679,18.865622,58.02996,18.865622,6.734351,8.265649,-85.49508,49.100294,37.239454,494.498672,-4.073988,41.94464,501.694496,17.79546,-17.61851,0.063155,-48.329024,595.971736,15.0,49.283314,-0.249147,28.443106,10.998712,0.002715,595.971776,0.0,-26.990992,0.0826899086214397,92,-17.91729,55.480384,193.9,505.905175,-7.629092,-7.68611,-62.261,-69.113728,-85.49508,10.998712,28.617222,-71.603904,18.684822,8.265649,550.023552,-85.49508,13.891178,8.265649,0.0700770487529527,14.750853,2.183,10.998712,0.0,-4.073988,101.473064,0.290306,193.9,-97.75576,15.0,118.30616,28.617222,-56.603902,1.329302,30.054509,0.0,-231.23438,494.498672
-0.16017,566.470072,109.363272,2011-12-31 00:00:00,0.1829080628422145,80.504768,448.261696,0.959366,1.386201,23.492156,119.660592,23.492156,63.620412,6.279587,-101.871664,64.178,22.806356,496.570072,-3.510897,50.588984,643.702976,-15.341803,15.341803,0.06333,-63.26592,725.593936,69.9,64.159472,-0.20069,39.463269,13.961015,0.051285,725.59392,0.0,23.782316,0.0825700448527792,92,-3.290977,110.2643,239.8,645.089177,25.504395,-9.370971,-55.886,-1.986062,-101.871664,13.961015,-1.380788,-66.108,23.331986,6.279587,706.968896,-101.871664,35.76366,6.279587,0.0622927381901795,53.636308,2.527,13.961015,0.0,-3.510897,229.023864,0.31746,239.8,-91.386032,69.9,146.316864,-1.380788,-11.208004,1.386201,38.474732,0.0,-256.665248,496.570072
-0.195899,687.546996,228.837952,2012-03-31 00:00:00,0.92153616860035,85.757008,452.8704,1.112271,3.63357,24.192072,130.922856,24.192072,173.66512,3.834888,-145.106896,79.424026,20.556588,510.046996,-4.681378,59.887904,780.417216,-5.575604,5.637913,0.063504,-81.672512,869.807804,177.5,78.902556,-2.396056,51.337951,14.443824,0.40101,869.807808,0.0,9.529232,0.0981391917938768,91,-6.144919,115.977374,207.4,784.050786,17.554159,-9.55235,-55.421,-2.444699,-145.106896,14.443824,8.805911,-106.493456,23.996174,3.834888,862.089728,-145.106896,38.613432,3.834888,0.0671045989418125,104.04876,2.391,14.443824,0.4039558973377996,-4.681378,359.760808,7.795658,207.4,-145.106896,177.5,182.399394,8.805911,1.106536,3.63357,46.444289,0.0,-296.810112,510.046996
-2.727404,858.239568,361.418848,2012-06-30 00:00:00,0.2635336327797695,117.107488,457.436576,1.291844,23.309997,25.394488,153.939136,25.394488,274.82832,25.171676,-138.934528,91.944338,25.872295,558.239568,-4.419607,69.408288,933.180096,29.979311,-29.979312,0.063612,-107.294624,1073.597552,300.0,88.680066,-9.19483,61.418844,13.647085,3.980416,1073.597568,0.0,-49.393912,0.1040433213231451,91,-3.830247,147.910134,159.4,956.490092,-18.46194,-9.02,-72.801,21.336788,-138.934528,13.647085,43.626396,-91.986512,22.667084,25.171676,1040.474688,-138.934528,46.948016,25.171676,0.0651375748023328,113.323296,2.375,13.647085,0.3658711190225582,-4.419607,515.357984,7.264521,159.4,-138.934528,300.0,221.829816,43.626396,30.513488,12.444823,53.050636,0.0,-336.191872,558.239568
-5.205716,933.375824,435.07968,2012-09-30 00:00:00,1.449404592515472,96.6542,464.272672,1.422683,14.495461,28.627768,134.76008,28.627768,359.76544,8.234566,-135.830992,101.706484,9.09465,565.375824,-8.867711,82.40408,1024.06592,-13.81947,13.81947,0.063491,-135.352032,1135.215584,368.0,93.417296,-0.259728,67.079683,14.119631,7.025634,1135.215616,0.0,22.824924,0.1059966160370746,92,-7.247476,134.051082,169.9,1038.561381,30.033689,-9.302422,-34.578,-16.937108,-135.830992,14.119631,0.300161,-84.695512,23.422052,8.234566,1159.417984,-135.830992,51.135484,8.234566,0.0648936738559611,67.7584,2.617,14.119631,0.3474071672179339,-8.867711,569.83976,4.330563,169.9,-135.830992,368.0,262.289256,0.300161,-16.695508,12.211806,56.171555,0.0,-349.28348,565.375824
-5.721016,1010.185264,504.293376,2012-12-31 00:00:00,1.7762488260317109,94.214544,465.529952,1.57063,13.476038,36.974976,100.456664,36.974976,410.612,13.387998,-112.08256,115.189312,10.606877,586.185264,-3.476619,84.725488,1083.244672,-1.8850000000000016,1.885,0.063532,-162.031488,1190.935304,424.0,101.339272,-0.003409,80.293375,21.437156,-6.913434,1190.935296,0.0,3.482411,0.1217838856256627,92,2.852404,100.456661,168.2,1096.72071,12.682504,-9.816806,-18.101,5.153432,-112.08256,21.437156,19.552156,-50.25288,31.253962,13.387998,1245.27616,-112.08256,61.82968,13.387998,0.0688025785879801,55.62376,2.715,21.437156,0.4364091240170844,-3.476619,604.75004,4.224679,168.2,-112.300008,424.0,296.42576,19.552156,5.74712,11.71303,65.931076,0.023611,-333.428352,586.185264
-6.107936,1035.661704,532.125824,2013-03-31 00:00:00,-0.5122199071881807,94.13664,467.05488,1.758894,12.562539,35.574724,134.943952,35.574724,430.517824,8.482166,-76.958816,126.571956,9.763986,596.661704,-3.988806,82.808736,1157.03232,-9.169655,9.169655,0.063784,-188.793936,1263.73148,439.0,106.809886,-0.184084,93.125811,18.121174,4.435321,1263.731456,0.0,15.447089,0.1216671487266703,90,-1.522732,127.824188,143.8,1169.594859,22.169363,-11.345614,-42.236,-4.905832,-76.958816,18.121174,8.951519,-20.60188,29.466788,8.482166,1345.826176,-76.050816,56.356932,8.482166,0.0631111385067999,14.788049,2.746,18.121174,0.4296010990917673,-3.988806,667.069776,3.346786,143.8,-76.050816,439.0,319.346592,8.951519,-4.693884,11.390927,67.325046,6.4e-05,-247.536784,596.661704
-8.087379,1133.738752,610.380928,2013-06-30 00:00:00,0.0775574740146627,97.961416,468.837056,1.89121,24.111609,30.719384,118.726288,30.719384,492.187744,18.095436,-110.372176,131.896852,10.294786,623.455552,-3.915298,79.152136,1230.489728,10.410667999999998,-10.410668,0.063808,-214.952624,1352.562768,510.2832,106.774806,-5.573791,100.097754,14.601005,-4.007277,1352.562816,0.0,-16.54058,0.1155610526681366,91,3.268558,113.976508,133.4,1254.601336,-0.724984,-8.031,-52.241,9.613271,-110.372176,14.601005,25.011672,-56.29268,22.632004,18.095436,1445.442432,-110.372176,54.0795,18.095436,0.0562856161120138,65.905952,2.63,14.601005,0.3881055591475131,-3.915298,729.107216,1.640014,133.4,-110.372176,510.2832,329.09044,25.011672,15.207324,16.310025,68.278966,-0.267788,-211.842952,623.455552
-9.382142,1155.776576,666.733952,2013-09-30 00:00:00,-0.1520619084892905,118.814456,444.54368,2.129018,17.803347,41.466208,185.136752,41.466208,543.04288,11.868598,-82.314928,144.735292,14.744847,600.865088,-4.164335,99.13736,1316.118016,-18.308196,18.308196,0.061797,-247.019968,1452.735792,554.911488,115.436818,-1.265379,111.822434,20.0111,10.001876,1452.735744,0.0,30.21512,0.1271957350095089,92,-7.270886,163.29523,144.3,1333.921364,32.482743,-12.072964,-28.106,-6.226839,-82.314928,20.0111,1.702906,-23.832148,32.084064,11.868598,1563.13792,-82.314928,58.48278,11.868598,0.057319806041486,17.605308,3.2,20.0111,0.4182702464540109,-4.164335,851.870704,1.666129,144.3,-82.314928,554.911488,345.82372,1.702904,21.167852,16.868802,74.170435,-0.169308,-150.979588,600.865088
-9.584842,1204.368192,705.683584,2013-12-31 00:00:00,0.1573576418256429,104.38756,446.106016,3.83255,17.905688,31.495648,194.088016,31.495648,578.852672,5.687166,-90.80152,139.255968,11.883416,619.828352,-4.507001,95.934656,1397.306752,3.738,-3.738,0.061858,-285.616768,1519.599952,584.53984,106.093664,-0.049239,121.143758,13.662937,-27.052872,1519.6,0.0,-5.723633,0.1100601769656968,92,-9.091375,174.968371,150.7,1415.21244,6.032851,-8.24787,-31.923,-6.181432,-90.80152,13.662937,17.400938,-36.946328,21.910808,5.687166,1682.92352,-89.798495,53.855192,5.687166,0.0489696895649648,29.761872,2.782,13.662937,0.3283031316649532,-4.507001,899.7716,0.618786,150.7,-89.798496,584.53984,357.032896,17.400936,-5.943303,16.160283,66.367036,-0.016211,-137.67304,619.828352
-9.868303,1260.396304,775.260352,2014-03-31 00:00:00,-0.0277766429468396,104.684784,432.916064,4.042107,15.917993,28.417748,209.558672,28.417748,639.0592,8.10895,-119.200456,132.098988,14.374205,613.228176,-3.99769,89.984992,1477.44448,-4.841565000000001,4.841565,0.060984,-321.59632,1598.0472,647.168128,95.176322,-0.225,128.092218,11.431328,8.525489,1598.047232,0.0,8.122594,0.0986971971366518,90,17.28014,184.588243,146.2,1493.362473,12.780459,-7.118118,-47.78,2.421784,-119.200456,11.431328,6.589763,-46.452832,18.549446,8.10895,1799.040768,-119.200456,72.747616,8.10895,0.0417267556365281,48.874616,2.37,11.431328,0.3158054178634588,-3.99769,984.819024,0.608471,146.2,-119.200456,647.168128,364.209144,6.589763,16.54716,15.750691,59.70637,0.030665,-163.523988,613.228176
-10.324685,1316.254864,855.25984,2014-06-30 00:00:00,0.1174718090986837,128.204048,433.55872,4.428584,15.050983,38.469768,269.46448,38.469768,692.544256,14.252184,-109.715592,139.849372,23.027115,609.458384,-3.980819,109.909544,1590.927616,-21.74944,21.74944,0.06103,-363.735136,1734.182704,706.79648,100.689402,-0.009936,148.463351,17.33699,-9.120687,1734.182656,0.0,35.645496,0.1012923176172128,91,-15.123603,224.354463,162.9,1605.978599,33.470347,-10.808093,-47.941,6.143234,-109.715592,17.33699,-4.412449,-53.572716,28.145084,14.252184,1954.662784,-109.715592,56.14288,14.252184,0.0404583763490817,59.715948,2.26,17.33699,0.3500129888629144,-3.980819,1124.72432,0.855736,162.9,-109.715592,706.79648,394.966552,-4.41245,6.427288,15.050983,62.442355,0.002104,-160.804024,609.458384
-10.611224,1404.73536,889.17984,2014-09-30 00:00:00,-0.1864306661839246,106.448328,434.425632,4.824408,20.683763,35.598668,239.084176,35.598668,728.375616,8.049167,-116.433464,133.981832,9.823683,668.310592,-4.698972,112.176592,1669.44256,42.37889,-42.378888,0.061027,-409.239936,1796.574608,736.424768,93.59278,-0.2,152.755097,15.60642,10.880822,1796.574592,0.5530323125,-67.147896,0.0914572756389407,92,9.175741,238.55293,142.2,1690.126324,-31.208369,-9.381022,-44.192,-6.203017,-116.433464,15.60642,57.985312,-35.953256,24.987442,8.049167,2078.682496,-116.433464,80.480208,8.049167,0.0357230728976451,29.750236,2.6,15.60642,0.3173448877819358,-4.14593975,1128.264016,0.869485,142.2,-116.433464,736.424768,408.005784,57.985312,-5.953256,14.541339,58.037675,0.013022,-172.925132,668.310592
-11.2541,1576.914752,970.150464,2014-12-31 00:00:00,0.2157142857142856,225.987568,433.393344,5.105762,38.832207,31.962388,285.734208,31.962388,796.715584,9.337512,-131.690336,134.495536,130.718338,770.861632,-4.924823,111.679896,1761.926528,90.757,-90.757,0.061067,-458.03856,2026.746304,806.05312,92.437224,0.0,164.097392,12.826322,-6.5026,2026.746368,0.0,-146.606624,0.0827228852753425,92,-2.569848,241.796212,56.5,1800.758736,-86.162178,-7.881965,-54.95,1.288345,-131.690336,12.826322,103.58332,-66.8035,20.708288,9.337512,2219.965184,-131.690336,64.886832,9.337512,0.0324395521650298,68.091848,1.946,12.826322,0.2861964341370805,-4.924823,1255.884672,0.930034,56.5,-131.690336,806.05312,423.751008,103.58332,3.196496,13.819195,57.520944,0.001573,-202.782304,770.861632
-11.736205,1388.558032,875.969856,2015-03-31 00:00:00,-5.779627092679725,212.175504,435.146912,5.096882,27.494568,21.277962,221.818336,21.277962,839.940352,5.741083,-110.557464,127.308786,127.842721,542.876624,-4.352806,90.456008,1400.994688,0.0,235.72424,0.061553,-863.573952,1640.664816,845.681408,83.382571,0.0,30.288438,5.985675,7.099113,1640.664832,0.0,375.0496,0.0895341097104691,90,10.136516,179.825915,77.1,1428.489256,241.265473,-3.556082,9.139,-3.596429,-110.557464,5.985675,-229.738576,-43.681012,9.541757,5.741083,2264.568576,-110.39652,66.876452,5.741083,0.031960486747364,39.92364,1.244,5.985675,0.2352299473573939,-4.352806,1097.788192,3.143801,77.1,-110.39652,845.681408,424.22204,-229.738576,-3.520068,13.097051,51.755407,0.000342,-200.010484,542.876624
-67.58072,1179.340432,890.881664,2015-06-30 00:00:00,-17.531526342197694,175.633536,436.122592,5.332909,47.441351,32.617592,154.093552,32.617592,878.436672,7.112054,-77.769848,121.45661,86.11516,293.791696,-4.256436,94.056424,1115.692032,-261.423,261.423008,0.061603,-1182.200064,1338.766912,885.548736,73.467585,-5.566131,5.332909,11.362383,-7.980789,1338.766848,53.193228,336.75616,0.1013690472078341,91,-11.99687,126.394383,67.69999999999999,1163.13338,270.134205,-6.867715,1.993,1.370971,-77.769848,11.362383,-250.060608,-32.947332,18.230098,7.112054,2297.892096,-77.769848,44.822512,7.112054,0.0297959988866774,34.318304,1.085,11.362383,0.3467874985338587,48.936792,1044.975216,2.533624,67.69999999999999,-77.769848,885.548736,408.36892,-250.060624,7.052664,17.730904,45.7808,-53.193028,-179.3851,293.791696
-24.561256,839.335072,873.15904,2015-09-30 00:00:00,-0.5678222475755847,189.203696,437.2312,5.482237,54.857336,47.77914,156.41888,47.77914,860.634496,7.042258,-45.058176,133.637082,90.867853,-28.341728,-4.614771,101.156552,757.175104,-336.639188,336.6392,0.061601,-1568.202368,1001.236192,867.6768,71.698027,-0.120977,5.482237,13.397156,15.225831,1001.23616,0.523487,347.334144,0.0,92,6.392198,124.510364,44.2,812.03244,345.38967,-9.820727,35.06,-2.981511,-45.058176,13.397156,-323.242016,15.152152,23.217884,7.042258,2325.377536,-45.058176,60.210328,7.042258,0.0311468786577885,-18.133664,1.667,13.397156,0.4723286732825768,-4.091284,1029.57792,2.986325,44.2,-45.058176,867.6768,397.34888,-323.242048,-2.847848,16.831376,43.571536,-8.407096,-128.279692,-28.341728
13.484795,650.202656,853.432384,2015-12-31 00:00:00,-0.2514714644999032,128.814808,440.284128,5.627586,15.810259,10.944835,78.115144,10.944835,844.414464,3.390389,-55.760704,45.093732,67.194306,-197.602144,-5.817991,56.913028,589.320384,-190.082953,190.082944,0.06312,-1759.281664,733.945384,847.8048,75.419256,-0.000488,5.627586,17.76963,-13.54101,733.945472,0.000467,198.617536,0.0,92,19.427604,77.926375,38.59999999999999,605.130643,203.851651,-6.66,25.845,-0.740154,-55.760704,17.76963,-172.313328,19.34572,24.42963,3.390389,2348.602112,-55.711124,75.106424,3.390389,0.0518161128769808,-20.135452,2.26,17.76963,0.1923080775108293,-5.817524,931.547528,2.582746,38.59999999999999,-55.711124,847.8048,275.057408,-172.313312,-0.6047,15.810259,71.52416,29.566782,-42.130472,-197.602144
-17.181218,480.616224,808.883072,2016-03-31 00:00:00,1.907298204979733,79.138184,441.946976,5.761738,8.691724,17.99911,86.810728,17.99911,798.733184,4.388142,-20.06782,109.340677,45.045355,-322.505056,-4.337402,53.819252,485.358816,-127.110917,127.11092,0.063732,-1881.317632,573.188744,803.12128,66.695504,0.0,5.761738,0.545163,11.503333,573.188736,1.089507,128.718264,0.0,91,33.474116,86.615935,39.9,494.05054,130.459698,-0.272729,12.089,0.997753,-20.06782,0.545163,-126.565752,35.146328,0.817892,4.388142,2366.67648,-20.05782,55.214152,4.388142,0.0389134427160089,-34.158576,-0.359,0.545163,0.3344362719868348,-3.247895,895.6938,2.416815,39.9,-20.05782,803.12128,305.945256,-126.565752,2.156332,8.691724,43.074332,-1.082536,36.696868,-322.505056
-16.046144,389.155104,824.831744,2016-06-30 00:00:00,-2.414307360120165,59.592688,443.63344,4.491549,8.900536,26.4551,70.349728,26.4551,815.285184,3.667114,-18.37399,103.178185,15.36694,-429.797216,-4.586275,62.520924,396.891008,-115.487794,115.487792,0.064597,-1986.276864,465.384256,818.95232,58.874363,-0.428515,5.879438,6.509132,-14.823118,465.384224,0.0,120.553136,0.0,91,-26.001424,68.709617,46.2,405.791544,122.112015,-3.899825,10.652,-0.721028,-18.37399,6.509132,-108.978664,-15.065202,10.408957,3.667114,2383.167744,-18.37399,3.308788,3.667114,0.042370155795911,14.344174,0.5700000000000001,6.509132,0.4231399395184883,-4.586275,895.181472,1.857209,46.2,-18.37399,818.95232,274.409756,-108.978664,-0.065202,8.900536,38.221081,0.000181,54.578998,-429.797216
-16.145257,331.72832,813.849664,2016-09-30 00:00:00,16.48423973727422,46.321836,442.98912,6.011773,8.68596,19.99274,72.58296,19.99274,804.469696,3.319021,-28.547864,75.391785,10.146715,-476.060416,-2.098293,50.754992,355.364352,-67.166377,67.166376,0.06303,-2043.702528,410.372208,807.788736,39.503961,0.058557,6.060926,21.547482,14.35411,410.372128,0.0,50.632036,0.0,92,21.276914,71.631559,26.8,364.050312,49.839726,17.7,0.609,-0.348093,-28.547864,21.547482,-45.618896,10.647902,3.847482,3.319021,2399.06688,-27.602416,39.195768,3.319021,0.0657001058922657,-11.941443,-0.059,21.547482,0.3939068692986889,-2.098293,886.432624,2.933768,26.8,-27.602416,807.788736,224.008196,-45.618896,-0.406648,8.665794,46.371407,0.000183,50.074748,-476.060416
-16.218416,345.203488,841.510976,2016-12-31 00:00:00,-6.90917710292932,46.894168,443.958304,7.147509,8.430359,20.697472,77.443664,20.697472,826.139008,6.486098,-26.160916,85.14508,4.568029,-487.421664,-3.735671,54.155264,376.208448,-14.720634,14.720634,0.06326,-2055.987712,431.532976,832.625152,19.554048,-0.058557,8.885838,2.390236,-14.775031,431.53296,0.0,19.274472,0.0,92,-17.25043,66.92468,27.5,384.638807,20.230509,-2.088821,3.721,3.167077,-26.160916,2.390236,-12.330398,-21.988048,4.479057,6.486098,2432.196096,-24.929861,4.172867,6.486098,0.0209926270004111,23.924072,0.433,2.390236,0.3821876299965964,-3.735671,918.95464,4.563513,27.5,-24.92986,832.625152,221.250432,-12.330398,3.243006,8.430359,12.233227,-0.02324,8.740981,-487.421664
-16.303625,353.360416,830.747584,2017-03-31 00:00:00,-2.517012206874398,48.188448,444.349152,7.296883,10.253623,16.187606,88.587464,16.187606,817.931904,5.518799,-20.271464,83.332918,8.72458,-470.090272,-3.608943,48.760304,390.802656,17.009885999999998,-17.009886,0.063383,-2068.69568,449.244776,823.450688,18.619477,0.0,7.296883,-0.069363,11.677093,449.244736,0.0,-15.9007,0.0,90,15.234838,87.591826,26.0,401.056279,-15.287122,0.046656,-6.226,-0.967299,-20.271464,-0.069363,16.940524,9.444918,-0.116019,5.518799,2459.49824,-20.271464,29.716382,5.518799,0.0594219337138446,-10.412217,-0.122,-0.069363,0.3319832870607205,-3.608943,919.335048,3.650717,26.0,-20.271464,823.450688,216.191484,16.940524,-0.555082,8.19532,30.377487,0.00018,-16.96043,-470.090272
-16.523118,389.810688,853.4336,2017-06-30 00:00:00,1.5803742528735627,60.669456,445.166592,8.151932,12.696308,16.152975,83.34328,16.152975,841.472832,3.808829,-22.47671,73.030793,20.875977,-455.470976,-4.317139,50.72988,407.940128,14.0718114375,-14.071811,0.063822,-2082.24384,481.305904,845.281664,7.840377,-0.297392,8.151932,-0.2699524375,-13.263947,481.305888,0.0,-13.169005,0.0,91,-15.171458,82.835343,14.0,420.636436,-12.2854,0.1001905703125,-8.700000000000001,-1.70997,-22.47671,-0.2699524375,13.801859,-22.449256,-0.370143,3.808829,2490.183936,-22.305259,0.027453,3.808829,0.049854545354119,20.567836,-0.133,-0.2699524375,0.3184114569165155,-4.317139,936.77688,4.537962,14.0,-22.30526,845.281664,204.40044,13.801859,-1.277806,8.138977,23.5984025625,-0.094954,-24.344484,-455.470976
-16.672448,375.513632,699.502208,2017-09-30 00:00:00,-1.2733822770817982,53.470364,446.120608,8.384153,7.486254,20.232782,265.46808,20.232782,839.341376,6.776667,-32.869346,73.270835,7.51449,-470.604448,-7.985719,57.657028,433.409248,-18.331115,18.331116,0.063822,-2097.463296,494.36584,846.11808,7.553229,0.0,8.384153,2.243648,15.978769,494.365888,3.589431,17.245078,0.0,92,15.553203,109.885449,9.0,440.895502,21.013763,-1.316686,-10.856,2.967838,-32.869346,2.243648,-16.087467,2.967838,3.560334,6.776667,2530.872576,-32.869346,35.837184,6.776667,0.0094935074829441,0.0,0.0,2.243648,0.3509161450361264,-4.396288,964.970288,4.89237,9.0,-32.869346,691.11808,211.302476,-16.087467,2.967838,6.668836,4.2945685625,0.000184,-32.024548,-470.604448
12.847807,488.483648,999.518976,2017-12-31 00:00:00,-0.057358672293711,152.75816,449.733184,8.697832,6.275934,-3.65951,123.575248,-3.65951,877.141056,102.183192,-43.79368,64.083596,3.723281,-490.840576,-3.076,37.00228,473.219584,-39.607,39.607,0.066792,-2114.951168,632.253648,979.324224,22.287058,-13.064441,20.194761,15.758313,-14.128076,632.253696,0.0,38.825896,0.0,92,-22.45874,104.327833,20.5,479.495518,36.061594,6.570016,-38.623,95.406528,-43.79368,15.758313,-23.848688,-36.407636,9.188297,102.183192,2588.170752,-43.79368,7.386043,102.183192,0.0160525194630755,131.81416,0.925,15.758313,-0.0988995813230968,-3.076,1123.094224,3.723281,20.5,-43.79368,979.324224,209.319664,-23.848688,108.592363,5.490934,8.538228,33.729548,-46.444136,-490.840576
-22.940126,492.00624,1005.304128,2018-03-31 00:00:00,-8.38820035460993,147.020432,448.83216,8.997523,6.78327,38.046536,147.9428,38.046536,891.309952,89.472744,-58.021512,70.772783,6.263432,-488.77648,-1.666875,78.754776,510.666752,-8.288279,8.288279,0.065938,-2133.433088,664.470448,980.78272,27.484899,-0.021459,24.521412,11.253376,13.611583,664.470464,0.0,13.581289,0.0,90,11.163257,120.596118,19.8,517.450022,12.761694,-3.853035,1.692,-12.710446,-58.021512,11.253376,2.965097,-12.500835,15.106411,89.472744,2644.09984,-58.021512,45.520676,89.472744,0.0520516996849823,-0.209611,1.15,11.253376,0.4831013169283853,-1.666875,1153.246928,6.263432,19.8,-58.021512,980.78272,224.143964,2.965097,-12.500836,5.99827,28.9853845625,0.166635,-68.389889,-488.77648
-22.03159,686.947456,872.89888,2018-06-30 00:00:00,2.8270840197693574,275.98336,886.335104,9.519801,6.086565,46.2538,158.003888,46.2538,633.84352,200.924144,-101.725648,100.873608,6.785805,-147.820224,-3.251239,96.781832,601.012608,-108.408142,108.408144,0.2936,-2155.812608,883.082544,834.76768,52.07725,-6.535732,38.131221,11.861444,-17.206152,883.082496,0.0,122.03216,0.0,91,-31.384508,102.95287,31.5,607.099173,123.431384,-12.360764,-21.852,111.4514,-101.725648,11.861444,-96.546696,-83.62944,24.222208,200.924144,2756.825344,-101.657959,18.096208,200.924144,0.0602713735797973,195.013152,0.8140000000000001,11.861444,0.4779182109303325,-3.251239,1030.902768,6.000789,31.5,-101.65796,834.76768,270.195916,-96.546696,-23.561751,5.301565,41.116781,0.371783,-129.570073,-147.820224
23.149692,800.738048,842.360512,2018-09-30 00:00:00,-0.1711433334967881,224.740448,1026.386752,11.727163,26.228131,35.59656,215.378912,35.59656,676.562112,112.965904,-130.4108,116.237386,40.043817,11.209984,-4.674467,102.269216,817.9808,-28.572995,28.572994,0.33421,-2185.892864,1068.949408,789.528064,107.263164,-0.280731,52.832475,47.551568,6.554304,1068.949376,0.0,27.860352,0.0,92,-15.810506,138.880068,40.0,844.208932,29.373144,-11.194682,-81.572,-87.95824,-130.4108,47.551568,18.978572,-67.611496,58.746248,112.965904,3003.873792,-130.4108,62.7993,112.965904,0.1105659274110433,-0.346739,1.086,47.551568,0.3480672033312546,-4.674467,1057.739424,19.04295,40.0,-150.4108,789.528064,314.808104,18.978572,-67.6115,24.539432,86.424701,43.587716,-200.149407,11.209984
-314.72992,1260.068224,842.254144,2018-12-31 00:00:00,-2.3839890664923646,228.41456,1226.74944,12.050853,72.485507,354.808832,231.526304,354.808832,827.84544,2.357858,-164.42832,432.62848,129.703785,429.86496,-4.975781,443.195904,1202.745216,137.852759,-137.852752,0.378333,-2233.987328,1503.645408,830.203264,138.140832,-21.579784,12.050853,80.439504,22.71295,1503.645312,0.0,-161.307168,0.0,92,10.297941,154.719578,22.6,1275.23072,-159.039113,40.360584,33.658,-110.608048,-164.42832,80.439504,218.292256,-46.582304,40.078924,2.357858,3436.732416,-164.42832,117.846016,2.357858,0.1305262313226375,-64.025744,1.4,80.439504,0.8005688428023018,-4.975781,1073.780448,12.628521,22.6,-164.42832,830.203264,678.92448,218.292256,-66.532512,10.222659,139.395424,-294.672896,27.483256,429.86496
132.633,1151.988992,856.964992,2019-03-31 00:00:00,-0.2138402138402138,126.461,1216.806016,12.745,28.627,-95.305,226.054,-95.305,835.284992,3.944,-69.791,341.354192,32.008,312.76,-6.051,-6.934,1240.690944,-125.478,125.478,0.377,-2278.914048,1395.778992,839.228992,160.37538,-10.742,17.736,18.316,-0.303,1395.778944,0.0,146.766,0.0,90,11.419,173.063008,27.4,1269.317944,149.517,-19.012,37.037,1.586,-69.791,18.316,-107.162,29.117,37.328,3.944,3519.604992,-69.791,98.908,3.944,0.1535430762759379,-19.409,1.24,18.316,13.744591866166717,-6.051,1083.018992,1.248,27.4,-77.913,839.228992,635.312952,-107.162,36.116,10.368,158.168516,152.180992,-168.70624,312.76
-49.636,1246.846976,872.016,2019-06-30 00:00:00,-0.3893016344725112,133.068,1249.294976,13.174,68.041,95.446,232.726,95.446,854.403968,2.794,-90.35,390.546392,42.972,389.64896,-5.25,186.44,1293.282048,-1.0649999999999975,1.065,0.389,-2324.790016,1494.39096,857.198016,181.963172,-2.801,14.818,45.464,2.743,1494.39104,0.513,1.452,0.0,91,5.806,192.285,19.3,1361.323048,3.095,-0.346,14.806,-1.15,-90.35,45.464,44.4,9.042,45.81,2.794,3618.072064,-90.35,99.392,2.794,0.1613234125185232,12.686,1.111,45.464,0.5119394979618108,-4.737,1104.742,10.046,19.3,-113.228,857.198016,724.97112,44.399,24.555,41.011,191.771072,-31.858,-76.0348,389.64896
-77.69,1654.18592,1157.070976,2019-09-30 00:00:00,-19.270957644527044,172.11,1279.379968,16.999,52.944,126.375,230.824,126.375,1138.171008,1.901,-257.807008,481.324832,66.983,514.113984,-4.206,233.883008,1676.955008,58.076,-58.076,0.404,-2380.086016,1902.00896,1140.071936,171.901924,0.308,16.999,36.305,-12.201,1902.00896,0.002,-46.293,0.687288283027665,92,-32.517,220.379,19.6,1729.899008,-46.407,-12.38,10.223,-0.892,-257.807008,36.305,94.381,-186.784,48.685,1.901,4057.040896,-257.807008,71.023,1.901,0.1215261094795777,154.892,1.114,36.305,0.540334251216745,-4.204,1387.894976,1.735,19.6,-226.807008,1140.071936,856.584912,94.381,-22.296008,9.842,180.524504,-56.18,-195.207304,514.113984
88.637,1676.804032,1143.345024,2019-12-31 00:00:00,0.0,133.037,1281.846016,17.105,23.835,-64.098,203.476992,-64.098,1102.093056,16.068,0.0,61.906,8.695,558.643008,-8.118,59.012,1748.593024,-99.729588,99.729592,0.406,-2443.215872,1905.465024,1118.161024,156.364992,-11.306,25.184,-8.209412,0.709,1905.46496,0.0,133.299,0.236598920429102,92,-22.23,191.384,23.4,1772.428024,137.184,-32.748412,-2.029,14.166,0.0,-8.209412,-107.937,0.0,24.539,16.068,4191.809024,78.002,70.427,16.068,0.0581940929366335,94.919,0.7000000000000001,-8.209412,-1.0861858605029486,-8.118,1346.822016,2.857,23.4,-151.18,1118.161024,472.400992,-107.939,0.0,15.071,99.19504,109.03,-0.196,558.643008
-362.303008,2049.288928,993.300992,2020-03-31 00:00:00,-18.25696101829753,354.847008,1284.423936,17.472,108.738,390.875008,235.078,390.875008,1031.769984,8.512,-78.962,548.598008,248.755,1009.006944,-4.87,506.784992,1773.80096,346.59,-346.590016,0.406,-2504.734976,2237.385936,1040.281984,147.606,-13.314,18.019,21.696,-2.214,2237.385984,0.0,-337.791008,0.1744181466321112,91,7.061,169.057,6.631,1882.53896,-336.502008,-6.876,-1.257,-7.556,-78.962,21.696,368.286016,21.692,28.572,8.512,4278.535936,-78.962,100.654,8.512,0.0524366990696658,-3.71,0.338,21.696,0.7712837084173163,-4.87,1228.378992,0.567,6.631,-104.5,975.281984,986.12,368.286016,111.192,14.409,95.255588,-345.752,23.52775,1009.006944
-13.957,1129.900064,943.324032,2020-06-30 00:00:00,-1.3677199999999998,205.094,1315.346048,17.725,49.096,28.085,179.22,28.085,987.332992,1.838,-110.778,481.237008,159.848,140.729056,-4.71,98.106,1009.083008,-906.079,909.867008,0.436,-3303.91296,1263.273088,989.171008,115.924,13.277,19.153,10.667,-5.756,1263.27296,0.0,914.337024,0.0,91,48.478,112.116,8.389,1058.179008,915.551024,-3.461,25.0,-6.674,-110.778,6.879,-899.2,-9.193,14.128,1.838,4312.99584,-110.778,101.585,1.838,0.0438476826763521,-22.245,0.266,6.879,0.286271991519377,-4.71,1122.544032,2.992,8.389,-86.014,924.171008,897.786,-899.2,-48.495,14.53,60.458588,0.0,47.2515,140.729056
55.574,899.596,938.8,2020-09-30 00:00:00,-1.1491261041157677,183.748992,1332.603008,18.017,18.773,-17.621,170.455008,-17.621,981.523968,1.803,-59.587,337.241008,121.879,-83.730976,-4.605,47.322,823.001984,-257.99497,261.712976,0.448,-3533.886976,1025.524032,983.326976,105.192,-0.814,20.473,28.70897,3.538,1025.523968,1.543,270.350016,0.0,92,-12.607,99.017,5.74,841.774984,271.239016,-9.24403,21.284,-0.035,-59.587,24.99097,-233.004,-3.174,37.953,1.803,4356.889088,-59.587,56.413,1.803,0.0361140655289667,2.59,0.367,24.99097,-0.3723638054181987,-3.062,1109.255008,0.714,5.74,-59.038,918.326976,711.224992,-233.004,2.022,11.947,52.862558,70.211,70.97525,-83.730976
71.54,721.53904,912.918016,2020-12-31 00:00:00,1.6557454545454546,125.629,1335.152,18.416,11.256,-24.294,182.475008,-24.294,943.414976,1.428,0.0,225.424,53.186,-223.303968,-4.361,50.074,735.203968,-173.76299999999998,177.794,0.448,-3670.81088,872.089056,944.843008,127.031,0.405,33.075,35.671,2.02,872.089024,0.0,190.244992,0.0,92,-8.796,112.817,8.76,746.459968,191.181992,-11.575,27.5,-0.375,0.0,31.64,-142.123008,73.033,47.246,1.428,4406.014976,12.341,73.033,1.428,0.069149331068411,-39.034,0.641,31.64,-0.4851619602987578,-4.361,1095.393024,1.896,8.76,-34.374,879.843008,552.209024,-142.123008,28.829,11.145,96.033,84.898,94.699,-223.303968
115.131,636.379088,897.958016,2021-03-31 00:00:00,-0.0801999999999999,102.424,1690.029056,18.91,28.434,-61.86,155.968,-61.86,814.332032,2.729,-35.172,-75.69,7.346,-180.681904,-6.782,21.397,742.385024,0.0,130.577,0.462,-3701.714944,873.244112,817.060992,152.598,-11.607,80.897,40.22,-2.178,873.243008,2.511,141.948,0.0,90,-20.815,119.224,12.08,770.819024,142.717,-13.051,30.0,1.301,-35.172,36.39,-90.357,27.594,53.271,2.729,4444.100096,-35.172,62.766,2.729,0.0741116798541045,-8.793,0.549,36.39,-2.891059494321634,-4.271,1053.926016,2.886,12.08,-52.672,817.060992,216.899,-90.357,-327.38300000000004,28.078,115.26697,128.641,88.26,-180.681904
158.036992,633.781024,959.190016,2021-06-30 00:00:00,-3.414730461538461,139.664,1571.15904,29.666,22.066,-71.904,300.836992,-71.904,797.155008,4.843,-168.968992,-175.679,3.656,-168.216992,-7.604,24.805,930.08,0.0,155.594,0.468,-3732.18304,1091.810016,801.998016,224.603,-0.829,157.192,65.031,15.583,1091.810048,3.016,177.264992,0.0,91,-12.203,157.787,20.77,952.146,178.044992,-21.102,26.0,2.114,-168.968992,61.312,-90.563,-62.78299199999998,86.133,4.843,4662.262784,-168.968992,106.186,4.843,0.1440551941683407,56.797,0.7010000000000001,61.312,-2.898770409191695,-4.588,1260.027008,3.138,20.77,-160.868992,801.998016,143.598,-90.563,139.727,22.034,169.63097,173.060992,34.67,-168.216992
