Non-Operating Income (Loss),StockBased Compensation,Line of Credit Available,Equity Charge,WACC Discount Factor,Other Accrued Liabilities,Operating Leases,Line of Credit,Total Current Liabilities,BALANCE SHEET,Total Liabilities & Equity,Operating Income,NonCash Items,Days in Period,Net Share Repurchases,"Cash, Cash Equivalents & STI",Misc LT Assets,Rental Expense - Years 2 - 5,"Selling, General & Admin",Revenue,ST Debt,-Net Share Repurchases,LTM Basic EPS,Rental Expense - Year 1,ST Capital Leases,Rental Expense Beyond Year 5,Dep & Amort,Work In Process,Total Liabilities / Tangible Assets,Current Liabilities,Other Adjustments,Free Cash Flow (LTM),Deferred Compensation,Other Operating Expenses,Free Cash Flow to Firm,ST Deferred Tax Assets,Cash (Repurchase) of Equity,Free Cash Flow to Equity,Deferred Tax Liabilities,Repayments of LT Debt,Other PostRet Benefits,Effect of Foreign Exchanges,Income (Loss) from Cont Ops,year + weight + convention,Free Cash Flow to Firm Model,Dividends,Net Extraordinary Losses (Gains),Net Cash From Disc Ops (fin),Period Weight,Pretax Income,LT Marketable Securities,ST Borrowings,Dividend Yield (LTM),Free Cash Flow per Share,LT Receivables,Prepaid Expenses,Cash % of Revenue,Diluted - Basic Shares,Diluted EPS,Operating Margin,Operating Expenses,Line of Credit Used,Interest & Dividends Payable,PP&E Gross,EBITDAR,A = L + SE,Inventories,Discontinued Operations NI,PV of Free Cash Flow to Firm,Pensions,Raw Materials,Other Non-Op Income (Loss),Bull,Discounted Residual Income (Bear)
-13.34,1463.242976,845.094976,2011-03-31 00:00:00,0.0,133.584,684.257984,18.856,24.838,-22.247,104.928,-22.247,460.400992,48.34,-100.729,-43.658,18.545,954.501984,-13.334,74.847,1746.10304,-3.186099999999996,3.2201,0.268,-653.292992,1904.52496,508.740992,-95.849,0.838,336.353984,-23.1199,-2.105,1904.525056,-29.548,35.443,-0.0776566438164476,90,-2.105,100.827,0.0,1770.94104,23.038,12.4671,0.0,-72.571,-100.729,-23.1199,-26.34,-71.293,-35.587,48.34,2399.396096,-100.369,29.436,48.34,-0.0302569194642809,-1.738,0.0,-23.1199,0.0,-42.882,950.022976,4.255,0.0,-100.269,508.740992,285.355,-26.34,-70.933,23.238,-75.4079,0.144,-431.616,954.501984
-14.014,1479.274944,892.651008,2011-06-30 00:00:00,0.0,116.804,685.827968,18.578,24.705,-4.531,95.372,-4.531,566.987008,30.681,-110.352,-41.531,18.344,881.606976,-12.902,78.677,1728.12096,0.0,60.722352,0.269,-679.756032,1869.629984,597.667968,-94.932,293.576992,294.982992,-11.19565,4.698,1869.629952,-19.368,106.54,-0.0588415074092446,91,4.698,92.144,0.0,1752.82596,68.507,7.34935,0.0,-17.659,-110.352,-11.19565,-71.918,-76.029,-18.545,30.681,2407.87712,-110.016,34.323,30.681,-0.028757320289056,58.034,0.0,-11.19565,0.0,-32.27,988.023008,3.904,0.0,-110.016,597.667968,301.818,-71.918,-308.656008,22.158,-56.38255,0.129,-351.065,881.606976
-14.145,1487.345968,897.721984,2011-09-30 00:00:00,0.0,101.855,687.820992,15.657,22.891,1.278,104.922,1.278,609.406016,3.577,-107.193,-29.637,22.542,874.362992,-11.082,91.809,1752.260992,0.0496000000000007,-0.0156,0.269,-676.004992,1877.006976,612.982976,-84.327,-2.117,284.738984,-6.7336,-5.207,1877.006976,-19.303,10.29,-0.0540339782091753,92,-5.207,101.809,0.0,1775.151992,5.985,6.1334,0.0,-27.104,-107.193,-6.7336,-6.718,-67.788,-12.867,3.577,2428.265984,-76.812,39.405,3.577,-0.0262961348823599,10.303,0.0,-6.7336,0.0,-30.385,1002.643984,4.206,0.0,-76.812,612.982976,318.151,-6.718,-22.407,21.383,-50.71775,0.061,-296.43,874.362992
-14.382,1543.616048,990.137024,2011-12-31 00:00:00,0.0,145.346,690.401024,15.887,20.132,2.026,106.607,2.026,689.795008,7.512,-127.349,-23.474,65.402,846.309024,-6.858,84.482,1777.57504,0.0,28.1879,0.27,-725.184,1943.053048,697.307024,-79.355,-0.004,297.576008,0.2489,-8.614,1943.053056,-12.525,52.148,-0.0446738010702095,92,-8.614,94.504,0.0,1797.70704,28.82,12.6049,0.0,3.935,-127.349,0.2489,-27.939,-85.772,-12.356,7.512,2502.758912,-119.058,41.577,7.512,-0.0209896545502495,81.416,0.0,0.2489,0.0,-19.383,1096.744024,14.95,0.0,-119.058,692.561024,329.815008,-27.939,6.519,20.132,-40.800248,0.001,-300.881984,846.309024
-22.754,1551.099992,1005.608,2012-03-31 00:00:00,0.0,128.546,692.016,16.073,20.866000000000003,3.803,119.634,3.803,715.702976,1.936,-94.469,2.576,55.227,833.460992,-12.141,91.636,1809.291008,0.3161500000000004,-0.29315,0.271,-775.886016,1958.702992,717.639,-62.719,0.0,292.76,-12.19215,0.0,1958.702976,-7.998,36.769,-0.0334151214549534,91,0.0,103.773,0.0,1830.157008,31.783,6.75885,0.0,-5.576,-94.469,-12.19215,-11.899,-23.768,-18.951,1.936,2585.177088,-93.691,70.701,1.936,-0.0154650462010315,17.414,0.0,-12.19215,0.041501156750622,-20.139,1125.242,9.227,0.0,-93.691,712.848,346.604,-11.899,-2.99,19.699,-29.8725,-7.98,-253.357,833.460992
-22.026,1605.568992,1057.001024,2012-06-30 00:00:00,0.0,132.05,693.348992,16.575,33.469,-2.683,93.483,-2.683,767.449024,11.532,-94.018,4.424,64.767,826.587992,-11.895,83.737,1811.553024,10.0564,-10.0334,0.271,-827.510976,1977.072016,778.981,-68.883,0.0,282.857008,-15.6714,0.073,1977.072,-9.384,1.148,-0.0402158426215431,91,0.073,84.222,0.0,1845.022024,-1.151,9.0376,0.0,9.596,-94.018,-15.6714,-5.638,-48.994,-24.709,11.532,2639.064064,-94.018,45.024,11.532,-0.0178585450230379,58.41,0.0,-15.6714,-0.0320407943919653,-21.279,1150.484024,6.85,0.0,-93.838,774.144,351.664,-5.638,12.006,20.805,-34.34825,-6.942,-226.322,826.587992
-24.157,1471.612992,945.904,2012-09-30 00:00:00,0.0,91.907,694.630016,29.258,25.739,2.644,121.551,2.644,671.297984,5.033,-68.707,5.79,16.835,795.282016,-10.203,85.364,1745.090944,-21.6259,21.6489,0.271,-654.476992,1862.737016,676.330976,-77.529,-1.779,274.457,-10.9621,28.117,1862.737024,-9.264,50.578,-0.04620952335995,92,28.117,112.043,0.0,1770.829944,29.652,10.5509,0.0,-6.499,-68.707,-10.9621,-32.611,5.782,-21.513,5.033,2399.567872,23.791,74.489,5.033,-0.0206306902290638,-104.779,0.0,-10.9621,0.0309732439904409,-19.467,1067.455,5.583,0.0,23.791,671.446976,345.219,-32.611,-4.72,18.847,-38.57675,-9.178,-152.752,795.282016
-20.009,1489.874976,835.848,2012-12-31 00:00:00,0.0,96.515,735.56,28.901,23.115,-2.305,112.025,-2.305,577.108992,17.65,-113.713,1.46,15.887,895.116,-8.255,81.853,1723.358976,-42.73025,44.450248,0.364,-708.846016,1842.989,594.758976,-87.487,-0.253,241.089008,-9.99075,-7.038,1842.989056,-9.559,82.486,-0.0621035697984932,92,-7.038,111.655,0.0,1746.473976,48.368,12.32325,0.0,12.617,-113.713,-11.67775,-54.441,-62.469,-22.314,17.65,2432.205056,-110.27,51.244,17.65,-0.0257875631363289,71.643,0.0,-11.67775,-0.0281602384762928,-17.814,947.873,4.595,0.0,-110.27,594.758976,342.591008,-54.441,-27.628,17.934,-48.8164,-5.507,-129.449,895.116
-18.009,1510.773024,865.028992,2013-03-31 00:00:00,0.0,88.661,736.225024,28.518,20.9,1.147,127.079,1.147,618.657984,14.422,-85.973,-1.197,9.861,877.693024,-10.943,87.304,1760.24,-3.6575000000000006,5.4015,0.365,-752.312,1869.801016,633.08,-85.398,-0.061,231.949,-10.9815,0.0,1869.80096,-6.295,18.126,-0.0639258486193603,90,0.0,121.967,0.0,1781.14,10.422,5.8805,0.0,-3.228,-85.973,-12.7065,-16.383,-40.358,-16.862,14.422,2512.551936,-85.095,45.615,14.422,-0.024869113782204,36.252,0.0,-12.7065,0.0131380005498029,-17.238,992.107992,3.961,0.0,-85.095,633.08,338.258,-16.383,-3.205,17.292,-47.60575,-3.53,-146.039,877.693024
-24.024,2037.387016,1361.235968,2013-06-30 00:00:00,0.0,169.828992,781.062016,30.712,40.918000000000006,7.613,188.38,7.613,1122.909952,19.09,-501.596,9.099,18.222,895.387016,-13.26,111.632,2234.255872,-13.01685,14.76085,0.465,-816.532992,2445.002984,1142.0,-77.1,-24.747,219.236,-10.67715,26.96,2445.003008,-7.845,29.281,-0.0594265620340002,91,26.96,183.844,0.0,2275.173872,18.285,5.73385,0.0,4.668,-501.596,-12.40215,-25.438,-417.46,-16.411,19.09,3050.78912,-501.596,84.136,19.09,-0.0192721742272174,458.438016,0.0,-12.40215,0.0681972910993263,-21.105,1549.615968,9.08,0.0,-537.905984,1142.0,366.153,-25.438,65.725016,36.008,-42.6115,-2.216,-514.505,895.387016
-16.018,1998.783088,1371.694976,2013-09-30 00:00:00,0.0,195.842,782.065024,32.467,40.472,20.459,238.958,20.459,1164.67904,38.321,-127.859,26.914,9.601,795.783024,-12.675,117.634,2170.121984,-99.94755,101.690552,0.465,-878.806976,2406.436,1203.000064,-51.146,-0.555,168.694992,2.79055,26.106,2406.436096,-3.957,157.523008,-0.0484001030198506,92,26.106,223.079008,0.0,2210.593984,105.427008,-1.65045,0.0,19.231,-127.859,1.06555,-98.9,-32.776,4.441,38.321,3048.929024,-127.859,95.083,38.321,-0.0135196438227363,58.72,0.0,1.06555,0.1739208052093782,-16.632,1610.652976,5.177,0.0,-134.572,1203.000064,398.423,-98.9,26.499,38.572,-28.85885,4.2,-553.063,795.783024
-19.601,2069.803912,1460.137984,2013-12-31 00:00:00,0.0,233.696,777.966976,33.386,36.087,13.216,258.144992,13.216,1257.526016,23.474,-170.400992,42.438,15.819,788.803976,-13.087,114.122,2237.304064,3.50105,-1.24605,0.466,-939.683968,2507.086952,1280.999936,-35.214,-0.422,179.138,-3.59505,76.841,2507.087104,-3.897,1.089,-0.0403890179441347,92,76.841,248.004,0.0,2273.391064,-0.03,2.78995,0.0,-14.847,-170.400992,-5.32005,-2.349,-133.723,-6.385,23.474,3176.987904,-170.400992,36.678,23.474,-0.010326807703523,75.853,0.0,-5.32005,0.1158058919402043,-16.984,1718.282976,5.924,0.0,-127.378,1280.999936,430.692,-2.349,-62.447992,34.535,-22.4612,2.735,-623.438976,788.803976
-22.533,2073.242952,1469.874944,2014-03-31 00:00:00,0.0,188.246,780.078016,45.045,35.684,12.02,257.815008,12.02,1255.446016,9.554,-159.804,53.308,11.502,808.243016,-16.469,129.982,2312.003072,30.3483,-28.6013,0.468,-1011.785984,2535.932968,1264.999936,-28.868,1.085,204.875,-9.3763,0.0,2535.932928,-8.636,-39.741,-0.0381213694841314,90,0.0,238.412,0.0,2347.687072,-24.852,1.1367,0.0,-13.92,-159.804,-11.0983,19.225,-93.244,-10.513,9.554,3323.789056,-63.84,66.56,9.554,-0.0094685473658821,-16.64,0.0,-11.0983,0.0924743426012832,-25.105,1727.689952,5.372,0.0,-63.84,1264.999936,473.37,19.225,-15.202,33.71,-20.85795,0.001,-677.203,808.243016
-15.977,2146.391984,1286.736,2014-06-30 00:00:00,0.0,347.072992,794.873984,44.901,32.853,20.222,284.552,20.222,1104.90496,25.095,-190.776,65.917,83.653,1016.391984,-13.719,132.19,2207.753984,-100.02425,105.134248,0.512,-933.900992,2587.679984,1130.0,-8.212,-3.519,156.736,4.35025,0.0,2587.68,-3.373,117.67,-0.0232698789900627,91,0.0,240.254,0.0,2240.606984,61.98,0.10525,0.0,15.541,-190.776,-0.73575,-100.784,-158.143008,4.245,25.095,3141.65504,-190.776,32.633,25.095,-0.002317074209018,173.016,0.0,-0.73575,0.1529767758529389,-17.092,1571.288,5.631,0.0,-190.108,1130.0,493.928,-100.784,4.339,32.853,-5.83055,7.252,-417.886008,1016.391984
-20.604,2173.667048,1346.073984,2014-09-30 00:00:00,0.0,339.044,805.873984,125.646,40.432,21.249,277.638016,21.249,951.310016,123.69,-194.451008,66.707,26.671,1098.666984,-11.207,134.319008,2342.90304,93.78785,-85.233848,0.528,-1011.780992,2722.378984,1075.000064,-12.008,-0.559,271.074,4.42715,0.0,2722.379008,-1.985,-103.503,-0.0309076300503391,92,0.0,276.592992,0.0,2383.33504,-60.403,3.78215,0.0,98.595,-194.451008,-4.10185,89.661,-93.194,0.645,123.69,3354.683904,-194.451008,101.257,123.69,-0.001635445971421,-57.204,0.0,-4.10185,0.1581980117065784,-13.192,1623.712,6.951,0.0,54.542,1075.000064,510.613008,89.661,-165.835008,31.86,-4.19395,1.349,-478.304008,1098.666984
-21.161,1761.246016,1213.766016,2014-12-31 00:00:00,0.0,334.974016,806.478016,123.886,41.738,-4.107,312.227008,-4.107,1079.17696,6.252,-229.108,49.384,139.095,675.817024,-4.869,112.089,1825.097984,-752.0742479999999,340.447264,0.529,-1766.132992,2201.810048,1085.428992,-38.113,0.014,128.337,-77.246752,0.0,2201.80992,-4.057,549.190976,-0.2199357652866366,92,0.0,312.226992,0.0,1866.835984,415.291976,-51.978752,0.0,-117.438,-229.108,-83.313752,-417.694016,-146.834,-25.268,6.252,3591.230976,-227.088,82.274,6.252,-0.0350570214550523,27.376,0.0,-83.313752,-0.0366405267242994,-8.926,1525.993024,5.899,0.0,-227.088,1085.428992,508.58,-417.694016,-115.481,5.841,-82.539952,-0.046,-491.415008,675.817024
-59.507,1825.474048,1340.020992,2015-03-31 00:00:00,0.0,281.884,807.867008,114.985,36.155,-23.908,245.066,-23.908,1208.050944,3.859,-168.994,13.456,128.096,613.564032,-11.959,112.11,1880.611968,23.210152,-17.15415,0.529,-1856.80896,2198.651024,1211.910016,-103.793,0.0,128.111,-74.319152,0.0,2198.65088,-9.513,10.796,-0.3732805948154681,90,0.0,245.066,0.0,1916.766968,11.927,9.09585,0.0,-2.393,-168.994,-80.386152,-57.165,-123.442,-83.415,3.859,3737.421056,-168.878,45.552,3.859,-0.0603172358080264,120.933,0.0,-80.386152,-0.2132548389974132,-21.472,1585.086992,5.42,0.0,-168.878,1211.910016,490.708008,-57.165,-2.793,4.311,-142.788504,-37.494,-521.613008,613.564032
-23.563,1792.281024,1386.782976,2015-06-30 00:00:00,0.0,197.83,808.428032,113.339,25.868,-2.33,197.888992,-2.33,1259.922048,4.441,-95.336,-9.096,88.753,527.918016,-10.725,118.39,1888.892032,-47.443572,53.500572,0.53,-1942.105984,2112.589984,1264.363008,-133.931,-0.744,122.42,-26.628428,0.0,2112.589952,-2.322,46.237,-0.552098090347097,91,0.0,197.889,0.0,1914.760032,47.442,-0.7354285625,0.0,0.582,-95.336,-32.695428,-80.129,-42.607,-25.893,4.441,3830.998016,-95.336,52.729,4.441,-0.0739392348841839,43.189,0.0,-32.695428,-0.0196807162767125,-13.047,1584.671968,4.556,0.0,-95.336,1264.363008,476.908008,-80.129,1.326,6.322,-173.767182,-0.54,-406.077,527.918016
-23.029,1748.433056,1303.467008,2015-09-30 00:00:00,0.0,179.875008,817.992,101.217,21.985,-13.693,161.908,-13.693,1190.019968,3.342,-60.546,-44.038,103.513,555.071008,-9.393,93.414,1818.585984,46.2227,-40.2987,0.548,-1026.006016,2020.446016,1193.362048,-171.298,0.0,110.105,-14.3987,0.0,2020.445952,-0.423,-40.089,-0.5075395568584963,92,0.0,161.908,0.0,1840.570984,-38.79,22.3233,0.0,-1.099,-60.546,-20.3337,25.9,3.414,-36.722,3.342,2844.592128,13.008,63.96,3.342,-0.0812144802409068,-78.067,0.0,-20.3337,-0.1465840238079945,-9.816,1465.375008,3.688,0.0,13.008,1193.362048,436.003,25.9,-9.267,5.836,-192.593032,-0.044,-309.469,555.071008
-25.931,309.261984,104.938,2015-12-31 00:00:00,0.0,164.98,900.161984,104.938,8.35,-17.821,1327.907968,-17.821,1212.428032,11.955,-39.968,-57.752,105.06,-915.120992,-4.105,78.218,344.395008,-1410.6994799999998,1415.624448,0.628,-2372.265984,517.724976,1224.382976,-152.29,0.0,104.938,-55.94252,-14.699,517.724992,5.56,1415.712,0.0,92,-14.699,103.525,0.0,352.745008,1411.905,-12.190521,0.0,8.613,-39.968,-60.66252,-1471.566976,-32.906,-43.752,11.955,2716.660992,-28.449,7.062,11.955,-0.10804715714567,30.0,0.0,-60.66252,-0.2278375821422179,1.455,1432.845968,2.92,0.0,-28.449,0.0,402.132,-1471.566976,-77.107,8.35,-146.919008,-3.001,-195.540992,-915.120992
-77.592,253.270144,102.88,2016-03-31 00:00:00,0.0,123.894,1004.060992,98.359,8.103,30.506,1312.845056,30.506,1175.960064,26.532,-14.005,-3.338,53.525,-949.221888,-16.354,61.209,334.505984,11.973447999999998,-8.84845,0.685,-2386.025984,466.503168,1202.492032,-153.453,0.0,102.88,-42.321448,0.0,466.503008,10.226,48.794,0.0,91,0.0,110.353,0.0,342.608984,48.192,4.76455,0.0,14.577,-14.005,-45.473448,-33.473,14.526,-47.086,26.532,2720.531968,-13.879,28.531,26.532,-0.1045276196824248,-0.075,0.0,-45.473448,0.4983907595288274,-6.128,1415.725056,2.221,0.0,-13.879,0.0,351.231,-33.473,-93.075,8.103,-139.291096,-53.158,-57.573,-949.221888
-32.227,-901.981016,1256.416,2016-06-30 00:00:00,0.0,84.25,1022.940032,1242.701056,6.74,23.129,170.24,23.129,73.556,38.997,-0.57,22.121,4.939,-1014.534016,-9.311,52.635,321.132,-31.5643,34.3733,0.697,-2397.71392,412.121984,112.553,-136.658,0.0,1256.416056,-27.6067,0.0,412.121984,3.589,70.796,0.0,91,0.0,53.16,0.0,327.872,67.476,-18.5087,0.0,12.465,-0.57,-30.4267,-61.98,16.672,-9.098,38.997,2718.845952,-0.57,17.242,38.997,-0.1111171266708821,-5.393,0.0,-30.4267,0.4394224375415598,-5.722,1426.656,2.221,0.0,0.616,0.0,285.476,-61.98,-13.741,6.74,-140.269368,-0.006,1.706,-1014.534016
-3.726,432.699008,70.092,2016-09-30 00:00:00,0.0,50.095,190.895008,4.451,5.571,-3.027,49.32,-3.027,54.35,13.994,-0.784,32.787,3.964,378.349008,-8.077,33.562,251.2,1152.984,-1153.36704,0.15,-2.02,497.761008,54.35,-106.689,46.932,15.742,-6.753,0.0,306.865984,-7.202,-1174.045952,-0.5330494076307548,92,0.0,45.432,0.0,256.771,-1168.612952,0.0,0.0,-25.003,-0.784,-6.753,1146.614016,-12.73,-6.753,13.994,253.22,-0.686,-11.946,13.994,-0.1139715445519031,-12.371,0.0,-6.753,-0.0901912877659257,-15.279,119.412,2.161,0.0,-0.686,54.35,225.624,1146.614016,-259.934992,5.571,-132.623668,-2.145,-14.438,378.349008
0.144,210.548008,43.509,2016-12-31 00:00:00,0.0,38.884,190.771008,4.072,5.329,10.571,62.629,10.571,18.239,6.761,-4.812,63.143,3.028,185.548008,-3.629,33.087,247.472992,-8.0975,8.1705,0.15,-11.904,291.686008,25.0,1.876,-0.161,18.509,6.3155,0.0,291.686016,-0.099,19.345,0.0,92,0.0,49.697,49.0,252.801992,19.426,-4.3995,0.0,-7.233,-4.812,6.3155,-1.855,22.382,10.715,6.761,259.376992,-4.812,27.194,6.761,0.0046354694499039,-29.511,0.13,6.3155,0.3194910387765587,-3.728,106.138,2.125,49.0,-4.916,25.0,180.492992,-1.855,-6.968,5.329,1.876,0.805,40.85,185.548008
-0.558,244.79,37.83,2017-03-31 00:00:00,0.0,44.909,191.606,4.136,5.176,9.546,55.791,9.546,26.868,3.132,-17.741,40.219,3.11,214.79,-4.127,32.929,258.326,12.4402,-12.4402,0.15,-21.664,308.411,30.0,3.852,-0.03,7.83,15.6408,0.0,308.411008,0.0,-29.595,0.0,90,0.0,51.124,45.25,263.502,-28.749,6.6528,0.0,-3.629,-17.741,15.6408,28.081,-8.599,8.988,3.132,279.990016,-17.741,9.142,3.132,-0.0320123258681644,4.97,0.54,15.6408,0.2898964438640711,-4.127,93.621,1.931,45.25,-17.741,30.0,152.213,28.081,-3.599,5.176,-12.4034,-0.02,17.725,214.79
-1.192,273.695992,41.193,2017-06-30 00:00:00,0.0,58.684,192.508992,4.103,6.007,11.128,59.263,11.128,26.895,10.105,-25.842,28.218,5.772,236.695992,-3.702,35.95,272.460992,11.393,-11.393,0.15,-32.747,337.151992,37.0,22.886,-1.06,4.193,9.936,0.0,337.152,0.0,-6.378,0.0,91,0.0,59.263,36.75,278.467992,-5.53,0.0,0.0,6.973,-25.842,9.936,21.329,1.033,9.936,10.105,305.208,-25.842,26.875,10.105,0.0671030905565246,5.94,0.59,9.936,0.3095410292072322,-3.702,100.456,2.1,36.75,-25.842,37.0,135.528,21.329,8.033,5.423,25.1393,0.082,2.086,236.695992
-1.219,476.817008,254.608992,2017-09-30 00:00:00,0.0,64.838,193.522,4.631,11.343,9.831,75.87,9.831,237.568,7.487,-23.935,41.076,9.255,231.762,-6.932,35.238,486.06,-14.559,14.559,0.15,-43.402,562.240992,245.055008,38.251,-8.472,9.554,8.612,0.0,562.241024,1.505,8.226,0.132776820837168,92,0.0,62.236,39.98,497.403,9.239,0.0,0.0,-2.618,-23.935,8.612,-5.947,-9.984,8.612,7.487,529.462016,-23.935,13.951,7.487,0.0932090056279928,207.528,0.467,8.612,0.278988591861059,-5.427,330.478992,2.297,39.98,-224.096992,245.055008,137.204,-5.947,206.016,8.823,40.5043,-0.017,4.832,231.762
-5.206,486.906,284.0,2017-12-31 00:00:00,-0.5806582032829304,87.088,194.272992,4.833,13.45,21.053,123.958,21.053,254.25,11.017,-46.974,49.717,6.25,221.638992,-2.358,54.303,529.059008,-20.60715,20.53415,0.15,-61.316,629.596992,265.267008,43.383,-0.225,18.733,9.73315,0.0,629.596992,-1.267,28.954,0.2130863706356047,92,0.0,96.181,39.11,542.509008,25.113,-6.11385,-37.101,3.53,-46.974,9.73315,-10.801,-15.558,15.847,11.017,590.374976,-46.105,31.416,11.017,0.0941795292505818,19.775,0.89,9.73315,0.3876949708119257,-3.625,407.958,5.146,39.11,-47.661,265.267008,156.579008,-10.801,4.442,13.45,43.383,-1.828,-33.977,221.638992
-4.659,614.030016,405.182016,2018-03-31 00:00:00,-0.2469807692307693,70.032,195.262,5.308,8.085,26.942,133.954,26.942,376.447008,7.319,-77.839,66.62,6.756,230.264,-6.471,69.56,691.283008,-11.988,11.988,0.151,-84.888,769.400016,383.766016,54.385,-0.754,21.416,22.283,0.0,769.4,0.681,4.567,0.2479384524125162,90,0.0,97.134,35.04,699.368008,6.306,0.0,-52.0,-3.698,-77.839,22.283,10.295,-39.157,22.283,7.319,776.171008,-76.288,38.682,7.319,0.1023797300092151,117.246,1.013,22.283,0.3873202990224266,-5.79,539.136016,5.391,35.04,-159.626,383.766016,194.138,10.295,80.394,8.053,55.173,-0.058,-64.535,230.264
-6.166,661.436008,467.883008,2018-06-30 00:00:00,0.4405172413793103,88.32,196.131008,5.493,7.79,43.537,191.239008,43.537,421.303008,11.521,-123.511,99.048,5.227,228.612008,-5.322,99.175,791.624,-39.892,39.892,0.151,-116.287,887.734024,432.824,81.82,0.0,35.059,37.371,0.0,887.734016,0.056,52.109,0.3550680409535189,91,0.0,127.982,84.89,799.414,52.984,0.0,-29.0,4.202,-123.511,37.371,-2.521,-41.775,37.371,11.521,907.910976,-122.537,81.736,11.521,0.1348827546742112,48.5,2.194,37.371,0.4389916813713133,-5.266,659.122016,3.817,84.89,-126.034,432.824,257.497,-2.521,7.699,7.736,82.608,-0.016,-107.343,228.612008
-7.081,718.252008,515.124992,2018-09-30 00:00:00,0.6473999999999999,87.502,197.151008,5.211,7.368,48.864,192.603008,48.864,464.332992,8.011,-121.909,140.394,7.446,245.908008,-6.155,111.969,858.766016,-25.507,25.507,0.151,-156.936992,953.636008,472.344,117.284,0.0,42.781,41.783,0.0,953.635968,0.044,20.184,0.4910670464367945,92,0.0,111.962,80.54,866.134016,21.195,0.0,-30.0,-3.51,-121.909,41.783,16.276,-49.422,41.783,8.011,1015.702976,-116.445,72.487,8.011,0.1547407878330011,39.0,2.63,41.783,0.4364065053720226,-6.111,707.728,6.466,80.54,-114.997,472.344,335.007,16.276,-4.958,7.368,117.284,0.241,-146.781,245.908008
-19.39,958.73,516.908,2018-12-31 00:00:00,0.0,126.43,197.780992,5.533,14.53,58.608,104.691,58.608,493.511008,17.864,-107.639,164.658,42.528,447.354992,-6.97,125.114,927.993984,161.599,-161.516992,0.151,-193.866,1068.953992,511.375008,140.462,-0.235,5.533,39.218,0.0,1068.953984,2.283,-165.086,0.4219698573552494,92,0.0,103.7,54.06,942.523984,-161.099,0.0,0.0,9.853,-107.639,39.218,200.735008,-28.412,39.218,17.864,1121.859968,-107.639,79.227,17.864,0.1661977179306039,38.265,3.62,39.218,0.4684367856514858,-4.687,621.599,4.061,54.06,-107.639,511.375008,392.718016,200.735008,10.088,4.43,141.147648,-11.001,-158.46,447.354992
-4.978,927.661,529.752992,2019-03-31 00:00:00,-1.00048808613118,85.721,198.162,5.575,3.0700000000000003,39.367,142.375008,39.367,514.062016,4.655,-86.486,190.376,10.918,408.944,-7.065,105.203,992.281024,-73.11099999999999,73.11,0.151,-232.680992,1081.072,518.717,152.761,0.0,11.725,34.413,0.0,1081.072,0.724,66.836,0.478044705322837,90,0.0,116.579,44.1,995.351024,69.086,0.024,35295.0,-13.209,-86.486,34.413,-38.697,-17.227,34.389,4.655,1224.962048,-86.468,69.259,4.655,0.1651308422932095,4.0,1.833,34.413,0.37420035550317,-6.341,672.128,3.474,44.1,-86.468,518.028,441.461,-38.697,-13.209,2.841,152.785,4.5,-136.836,408.944
-9.048,996.448992,541.993984,2019-06-30 00:00:00,-1.1888233252342937,80.889,199.148,5.691,7.109,39.647,126.196,39.647,522.099008,12.796,-89.455,186.486,15.622,461.554,-6.232,114.45,1041.745984,21.843,-21.844,0.151,-276.867008,1129.743984,534.894992,145.989,-2.518,7.973,29.781,0.0,1129.744,0.076,-12.655,0.420753842747932,91,0.0,111.119,30.68,1048.854984,-10.82,-0.818,23.048,8.141,-89.455,29.781,51.625,-4.352,30.599,12.796,1318.612992,-89.444,85.103,12.796,0.1439371322497721,12.482,2.035,29.781,0.3464132809086937,-6.156,668.189984,3.733,30.68,-89.444,534.020992,456.736,51.625,10.659,4.353,145.195,0.008,-99.413,461.554
-8.984,1082.349984,571.838976,2019-09-30 00:00:00,-4.5579481552599095,101.178,199.89,5.97,8.557,39.54,123.283,39.54,554.305024,11.387,-115.792,177.162,27.491,516.658,-6.876,118.804,1102.045056,24.748,-24.748,0.151,-323.196,1211.779976,565.691984,134.762,-0.098,7.005,29.614,0.0,1211.779968,0.0,-13.018,0.3488904530347227,92,0.0,118.117,29.07,1110.602056,-11.03,-0.942,7.291,-1.409,-115.792,29.614,54.362,-25.941,30.556,11.387,1425.24096,-115.606,89.851,11.387,0.1228641553693636,30.302,1.895,29.614,0.3328170768660988,-6.876,695.121976,3.792,29.07,-121.562,564.833984,463.571,54.362,4.645,4.246,133.026,-0.248,-75.932,516.658
-8.56,1078.852024,568.219008,2019-12-31 00:00:00,0.0,88.339,200.816992,6.15,6.734,50.532,129.274,50.532,550.308992,7.798,-71.01,173.48,9.825,520.744992,-4.33,124.224,1123.165056,-38.411,38.272,0.151,-367.908992,1218.238,558.107032,137.516,0.0,10.959,41.571,0.0,1218.237952,-0.981,26.418,0.27967980629571,92,0.0,104.977,30.35,1129.899056,27.8,-0.401,0.0,-3.589,-71.01,41.571,3.299,4.971,41.972,7.798,1491.074048,-71.01,75.981,7.798,0.1183801025783259,-8.0,1.92,41.571,0.4067812982998454,-5.311,697.493008,2.989,30.35,-71.57,557.260032,467.075008,3.299,-3.029,3.984,135.379008,-0.019,-42.549,520.744992
7.511,1280.204968,615.673024,2020-03-31 00:00:00,0.1423265974877117,330.660992,201.374,6.281,14.799,21.026,208.955008,21.026,540.555008,55.331,-62.015,150.745,240.678,684.318992,-7.23,91.104,1163.486976,134.74599999999998,-134.747008,0.152,-408.542016,1508.947024,595.885976,131.664,0.0,20.714,28.347,0.0,1508.946944,0.0,-134.515008,0.236563390412469,91,0.0,104.936,3.09,1178.285976,-131.339008,-0.19,9.155,47.533,-62.015,28.347,163.094,10.458,28.537,55.331,1572.029056,-61.94,72.473,55.331,0.0998548680885633,37.0,1.313,28.347,0.2307911837021426,-7.23,824.628032,2.959,3.09,-61.94,594.958976,448.582,163.094,47.533,3.836,129.313,15.691,-14.864,684.318992
-8.591,1146.800992,574.670016,2020-06-30 00:00:00,0.0,186.288,202.31,7.436,6.856,-75.841,130.507,-75.841,534.316992,21.945,-50.812,35.257,121.51,590.538992,-7.986,-13.403,1102.572032,-10.140999999999991,10.14,0.152,-481.064992,1295.716008,556.262,16.633,0.996,19.294,-84.575,0.0,1295.715968,0.0,113.837,0.0284328478827088,91,0.0,55.038,9.53,1109.428032,114.002,-0.143,0.0,-33.386,-50.812,-84.575,-94.715,5.61,-84.432,21.945,1583.636992,-50.804,56.422,21.945,0.012333330747432,-39.004,0.91,-84.575,5.658509288965156,-7.986,705.177016,2.995,9.53,-50.804,555.376,320.729,-94.715,-34.382,2.803,14.957,-0.055,-4.902,590.538992
12.044,869.491016,534.236,2020-09-30 00:00:00,-0.0931340470643666,109.796,202.918,6.495,4.977,5.385,71.206,5.385,501.243008,20.516,-26.183,1.102,63.25,347.732,-8.585,69.411,838.401024,-260.733,260.731008,0.152,-754.001984,953.174,521.759016,3.506,-1.074,13.43,17.318,0.0,953.174016,0.0,267.992992,0.0061569430465414,92,0.0,47.392,9.85,843.378024,267.202992,-0.111,38.203,-1.429,-26.183,17.318,-243.412992,34.645,17.429,20.516,1592.402944,-26.183,60.828,20.516,0.0024582508632201,-36.074,0.86,17.318,0.0775813631845096,-8.585,605.442,6.43,9.85,-26.183,520.806016,271.336,-243.412992,-0.355,2.358,2.661,19.541,55.684,347.732
4.761,725.023,546.292992,2020-12-31 00:00:00,-0.8333333333333334,153.42,203.615008,6.61,27.925,17.462,148.195008,17.462,499.164992,13.02,-29.555,29.075,97.838,212.838008,-9.286,66.992,725.980992,-157.62099999999998,157.552992,0.152,-900.041984,907.326008,512.184992,88.188,0.0,35.044,22.03,0.0,907.326016,3.82,142.487008,0.2386614738891168,92,0.0,61.832,10.15,753.905992,141.796008,-0.193,15.0,-7.496,-29.555,22.03,-135.523008,2.5,22.223,13.02,1626.02304,-29.551,32.055,13.02,0.0823677869195042,-10.0,1.098,22.03,0.2606579890136135,-5.466,694.488,3.856,10.15,-29.551,511.248992,273.249984,-135.523008,-7.496,2.476,87.539,11.805,53.213,212.838008
-22.385,745.204976,387.209984,2021-03-31 00:00:00,-0.8584999999999998,110.879,155.316992,8.337,10.175,37.372,151.778,37.372,359.193984,11.868,-34.758,-15.622,32.64,374.142992,-13.177,88.555,792.076992,0.0,34.779,0.153,-925.643008,913.130976,371.061984,-29.793,-11.131,23.648,21.207,0.0,913.131008,4.89,19.963,-0.0575130972790223,90,0.0,99.95,13.4,802.251992,21.899,-0.229,-18.0,-1.152,-34.758,21.207,-13.572,-2.547000000000004,14.987,11.868,1717.720064,-34.754,32.211,11.868,-0.0198342088702519,1.391,0.413,21.207,0.4220202134266839,-8.287,538.987984,4.036,13.4,-34.754,363.561984,211.555,-20.021,9.978999999999992,4.906,-24.02,-16.988,40.208,374.142992
-26.203,764.534008,402.217984,2021-06-30 00:00:00,0.9701333333333332,148.084,156.239008,6.923,5.975,67.297,204.996992,67.297,332.176992,49.694,-60.948,127.516,18.785,382.663008,-6.985,124.699,835.819008,0.0,32.592,0.153,-954.339968,989.877984,381.871,95.733,151.162,28.806,35.637,0.0,989.878016,0.0,57.637,0.2580686702187595,91,0.0,132.192,23.61,841.794008,58.66,-0.906,15.0,37.826,-60.948,35.637,3.045,29.552,41.094,49.694,1790.158976,-60.799,90.5,49.694,0.0841724301633443,8.125,0.78,35.637,0.5396755386971828,-6.985,607.214976,0.0,23.61,-60.799,373.412,349.657,7.596,-113.334,3.282,96.192,-20.9,64.15,382.663008
