Non-Operating Income (Loss),StockBased Compensation,Line of Credit Available,Equity Charge,WACC Discount Factor,Other Accrued Liabilities,Operating Leases,Line of Credit,Total Current Liabilities,BALANCE SHEET,Total Liabilities & Equity,Operating Income,NonCash Items,Days in Period,Net Share Repurchases,"Cash, Cash Equivalents & STI",Misc LT Assets,Rental Expense - Years 2 - 5,"Selling, General & Admin",Revenue,ST Debt,-Net Share Repurchases,LTM Basic EPS,Rental Expense - Year 1,ST Capital Leases,Rental Expense Beyond Year 5,Dep & Amort,Work In Process,Total Liabilities / Tangible Assets,Current Liabilities,Other Adjustments,Free Cash Flow (LTM),Deferred Compensation,Other Operating Expenses,Free Cash Flow to Firm,ST Deferred Tax Assets,Cash (Repurchase) of Equity,Free Cash Flow to Equity,Deferred Tax Liabilities,Repayments of LT Debt,Other PostRet Benefits,Effect of Foreign Exchanges,Income (Loss) from Cont Ops,year + weight + convention,Free Cash Flow to Firm Model,Dividends,Net Extraordinary Losses (Gains),Net Cash From Disc Ops (fin),Period Weight,Pretax Income,LT Marketable Securities,ST Borrowings,Dividend Yield (LTM),Free Cash Flow per Share,LT Receivables,Prepaid Expenses,Cash % of Revenue,Diluted - Basic Shares,Diluted EPS,Operating Margin,Operating Expenses,Line of Credit Used,Interest & Dividends Payable,PP&E Gross,EBITDAR,A = L + SE,Inventories,Discontinued Operations NI,PV of Free Cash Flow to Firm,Pensions,Raw Materials,Other Non-Op Income (Loss),Bull,Discounted Residual Income (Bear)
-10.54,7116.254992,4776.555008,2011-03-31 00:00:00,-3.199405646359584,1235.59296,3061.523968,238.367008,337.938,166.994,695.864,166.994,2042.036992,520.651008,-439.254016,445.941,250.889008,4553.566992,-43.911,507.105984,8154.310144,255.091152,167.008848,1.275,-3495.837952,10025.986,2562.688,310.942,-15.356,2213.866944,95.720848,-1.711,10025.986048,-35.345,254.039008,0.0398861681864975,90,-146.28,417.044016,101.92,8790.393152,213.908008,-65.523152,134.6,409.491008,-439.254016,89.580848,348.593984,-296.04,156.454,520.651008,11650.148352,371.216,143.214,520.651008,0.0188445690817593,-67.891,0.514,89.580848,0.0,-79.256,5472.419008,39.534,101.92,334.168,2562.688,1922.973984,-76.078,469.23,122.337,179.010598,34.687,-304.624,4553.566992
-60.156,7386.942016,4781.483008,2011-06-30 00:00:00,-0.2425895875591616,1071.107008,3072.102912,236.776992,435.863984,251.236992,755.641024,251.236992,2218.556928,352.420992,-533.260992,556.261992,218.101992,4815.963968,-44.644,610.670016,8547.93984,135.49589599999996,-132.808896,1.276,-3637.60512,10353.088,2570.978048,420.667992,-7.054,2210.505032,114.352096,21.063,10353.088512,-19.914,-187.784,0.0541451924473616,91,74.092,553.726984,89.57,9281.980864,-33.598008,-56.6059,-147.9,-168.23,-533.260992,109.505104,245.576992,-112.021,191.080992,352.420992,12185.544704,-530.210992,421.24,352.420992,0.0256616929018937,-13.45,0.8130000000000001,109.505104,0.0,-64.558,5537.124032,38.794,89.57,-576.019968,2570.978048,2063.364,267.284,-106.970992,291.624992,249.757694,-14.602,-476.339,4815.963968
-38.249,7784.037952,5012.258816,2011-09-30 00:00:00,-0.3633776914135018,1103.643008,3083.333888,228.094,529.385984,276.681984,776.116992,276.681984,2376.805888,210.564992,-612.355968,729.777976,360.568,5196.666944,-49.618,648.158016,9053.85984,197.041744,-192.647744,1.276,-3788.68608,10985.042752,2587.371008,585.967984,-6.778,2424.888008,158.486256,29.307,10985.042944,-31.078,-289.347008,0.0792116464321502,92,53.266,632.941976,65.77,9881.399808,-105.444016,-45.812752,-230.548,-141.856,-612.355968,151.500256,351.464,-146.772,238.432992,210.564992,12842.546176,-606.237968,465.584,210.564992,0.0375542683731092,5.561,0.855,151.500256,0.0,-80.696,5788.375808,12.4,65.77,-613.001024,2587.371008,2240.263008,385.268,-130.720968,297.273984,380.8409,7.232,-505.36,5196.666944
-42.111,8180.043072,4726.507008,2011-12-31 00:00:00,-0.2790274151207866,1402.291968,3615.139072,221.595008,572.7800000000001,254.912992,1069.510976,254.912992,1991.421056,537.484032,-705.934016,880.872,424.213008,5651.138112,-55.347,718.350976,9173.942272,-275.320848,266.402848,1.331,-3648.464896,11447.156096,2528.90496,728.649984,-7.156,2197.60196,153.000848,31.108,11447.155712,-64.078,447.564,0.0955687576526917,92,50.253,714.482976,89.48,10044.864256,389.771,-61.843152,-286.083,326.919008,-705.934016,152.884848,-111.146,-206.258,212.802,537.484032,12822.407168,-705.934016,499.676,537.484032,0.0434698960225651,533.176992,1.031,152.884848,0.0,-119.425,5796.017984,20.758,89.48,-705.934016,2528.90496,2262.03904,-115.444,-271.258016,160.008,459.178112,3.553,-760.497024,5651.138112
-18.213,8453.285952,5082.765824,2012-03-31 00:00:00,0.7724255947479315,1367.108992,3641.94304,222.594,592.2660000000001,274.727008,1110.121984,274.727008,2303.696896,316.918016,-738.179968,1057.558976,470.601008,5832.67104,-63.067,782.652992,9768.042496,61.59495199999998,-46.871952,1.348,-3821.08288,12025.558848,2620.614912,898.829984,-9.76,2462.15112,157.052048,-15.109,12025.55904,-76.894,-45.012,0.1121812517391131,91,-47.473,848.018976,111.59,10658.450496,75.945,-93.122952,-176.083,-220.566,-738.179968,154.604048,214.619008,-312.094016,256.514,316.918016,13589.12512,-679.665968,426.086016,316.918016,0.0528662500222896,33.014,1.205,154.604048,0.3510201977225687,-139.960992,6192.887808,11.522,111.59,-679.665984,2620.614912,2759.832,210.263008,-168.579952,151.391008,582.891248,28.645,-777.145016,5832.67104
-42.965,9042.472928,5683.766784,2012-06-30 00:00:00,0.5395762818014197,1284.033024,3613.14688,226.184,605.678992,270.960992,1128.990976,270.960992,2967.728128,317.768992,-850.857024,1077.282976,556.606984,5756.97584,-54.957,798.444992,10381.88032,-205.268,219.1,1.348,-4013.769984,12569.7336,3285.497088,935.744992,-13.6,2398.269928,136.691008,-36.71,12569.734144,-67.829,372.673984,0.1157274570485344,91,26.797,828.821008,88.21,11285.701312,339.977984,-60.45,-228.331,0.851,-850.857024,136.426,-70.392,-351.532992,227.996,317.768992,14395.650048,-846.426024,499.324,317.768992,0.0528059017061393,643.926976,0.951,136.426,0.3393608760965214,-122.786,6812.75776,28.964,88.21,-1142.4,3285.497088,2947.606976,-51.554,310.990968,160.376,605.23016,6.043,-1016.657008,5756.97584
-44.185,9362.179056,6022.04416,2012-09-30 00:00:00,0.4797649947279682,1579.884032,3642.596096,222.564,408.435008,268.443008,991.848,268.443008,3228.184064,333.886016,-722.566016,1069.044,670.259,5800.10904,-62.567,829.420992,10532.233216,-104.8888,137.5408,1.348,-4107.431936,12814.0012,3562.070016,921.57,-10.934,2459.974,124.4698,-11.312,12814.001152,-59.05,-218.99,0.1062168211285126,92,-33.194,777.562992,104.4,11234.117248,-18.744008,-97.3132,-196.319,16.117,-722.566016,124.1128,19.224,-290.505984,224.258,333.886016,14639.665152,-693.038016,432.06,333.886016,0.048003079593941,278.08,0.979,124.1128,0.3236510898436485,-121.617,7013.89216,12.184,104.4,-694.022976,3562.070016,3128.869952,-10.596,8.546976,113.409,571.213704,10.172,-1160.390992,5800.10904
-21.602,9588.501072,6166.931968,2012-12-31 00:00:00,0.2433009561963794,1050.355008,3685.284096,293.016,424.489,244.724,1034.790016,244.724,3491.796992,229.396,-743.278976,1044.358976,307.049008,5867.308112,-66.504,788.632,11296.044032,-83.202896,-6.2391,1.35,-4412.913152,13069.030096,3721.19296,839.555968,-11.989,2445.739,112.036896,35.858,13069.0304,-25.172,574.129024,0.0894444020569824,92,77.488,798.233016,106.59,12018.675008,433.648032,-100.217104,-211.672,-104.49,-743.278976,112.036896,28.834,-263.172,223.122,229.396,15708.956672,-740.187976,480.107008,229.396,0.0406189926708286,155.724,0.877,112.036896,0.3103145700402723,-91.676,7201.721984,7.045,106.59,-740.321024,3721.19296,3029.445888,129.144,-108.081968,165.103008,497.911392,32.249,-1218.0,5867.308112
-71.0,10283.351008,5523.359744,2013-03-31 00:00:00,0.4820457510917361,1196.413952,4899.776,290.071008,445.607992,286.0,971.865984,286.0,2586.981888,430.297984,-753.0,1070.128,177.621008,7266.071008,-62.0,839.0,11821.1328,-31.709000000000003,48.709,1.458,-4633.358848,13761.296736,3017.28,890.376,-9.0,2506.080064,133.709,-35.0,13761.297408,-18.0,84.0,0.0791903709395966,90,-133.0,818.181008,124.25,12564.882816,145.0,-73.291,-265.174,201.0,-753.0,132.709,101.0,-393.0,215.0,430.297984,16454.49216,-707.0,360.0,430.297984,0.0393151220290998,548.0,0.973,132.709,0.3408820023837902,-80.0,6495.225728,11.459,124.25,-707.0,3017.28,3255.497984,93.0,-1054.0,134.118,506.906704,-20.0,-1298.210976,7266.071008
-41.646,10471.584848,5502.302208,2013-06-30 00:00:00,-0.2268890449506226,1465.191936,4846.177792,288.729984,540.067008,283.790016,1012.128,283.790016,2127.803008,695.625024,-735.411008,1082.957024,225.104992,7648.156752,-66.654,879.209024,11877.641216,183.794008,-179.21,1.458,-4859.716096,14162.58696,2823.428096,904.524,-9.005,2678.873984,158.052992,12.05,14162.586624,-42.684,-277.364,0.0801096820248249,91,67.821,875.934032,144.75,12697.3952,-78.888,-69.88,-206.471,265.327008,-735.411008,153.468992,337.263008,-159.624992,242.144,695.625024,16737.3568,-106.52,575.785984,695.625024,0.0395228452168182,-203.939008,1.114,153.468992,0.322778779850194,-109.338,6514.430208,8.847,144.75,-106.52,2823.428096,3336.262016,351.473984,272.689968,173.694,528.268688,1.078,-1106.302976,7648.156752
-37.0,10613.963072,5567.382016,2013-09-30 00:00:00,-1.063972373034393,1533.261056,4872.024064,292.788,485.31900800000005,305.556,1214.811008,305.556,2107.091968,744.12,-658.228992,1120.070016,154.463,7762.75104,-72.0,936.556032,12246.677504,-72.30000000000001,92.3,1.458,-5086.258176,14544.944064,2851.212032,948.822,-8.898,2716.170104,164.3,-39.549,14544.944128,-50.0,181.843008,0.0850419473011857,92,70.23,990.948976,188.8,13011.68352,207.105008,-97.256,-170.558,48.771,-658.228992,163.3,91.0,10.911,268.556,744.12,17332.934656,-648.303992,669.139968,744.12,0.041529297433501,27.935,1.35,163.3,0.3262549058036497,-122.0,6782.193024,10.145,188.8,-648.304,2851.212032,3443.397056,79.0,45.742976,163.114,568.098888,8.0,-804.885992,7762.75104
-115.453,9267.999808,4429.000192,2013-12-31 00:00:00,-0.132124770913254,1730.0,5080.999936,293.0,440.0,257.4,1250.0,257.4,2260.0,393.0,-729.0,1099.000064,686.0,6614.999872,-96.0,978.4,9850.000384,-1467.565552,977.565568,1.0,-4903.000064,12294.000064,2652.999936,938.0,-13.0,1775.999936,100.565552,35.0,12293.999616,-50.0,1635.000064,0.0948308869403073,92,15.0,972.0,184.07,10564.000384,1153.211064,-32.38145,-216.621,-351.0,-729.0,100.565552,-1367.000064,-188.0,141.947008,393.0,14753.000448,-703.0,541.0,393.0,0.0459566542035669,-214.0,0.982,100.565552,0.2630825838103025,-146.0,5679.000192,5.0,184.07,-678.0,2652.999936,3590.000128,-868.0,-363.0,124.0,582.8,-70.453,-730.0,6614.999872
-40.0,9429.99968,4503.000064,2014-03-31 00:00:00,0.2171348842732319,1542.0,5105.999872,296.0,434.0,316.0,1238.0,316.0,2448.999936,257.0,-712.0,1162.746016,617.0,6723.999808,-81.0,1019.0,10215.000064,-71.44,50.44,1.0,-5034.999808,12464.999872,2705.999872,928.647008,-1.0,1797.0,195.44,-16.0,12465.000448,-46.0,102.0,0.0886396624366619,90,-139.0,970.0,187.14,10923.000064,165.0,-80.56,-202.114,-136.0,-712.0,194.44,123.0,-246.0,276.0,257.0,15249.999872,-626.0,466.0,257.0,0.0471556105551156,24.0,1.061,194.44,0.310107948969578,-127.0,5741.000064,7.0,187.14,-626.0,2705.999872,3813.165056,145.0,-110.0,133.0,618.358544,5.0,-581.885992,6723.999808
56.0,9409.0,4495.000064,2014-06-30 00:00:00,-0.8395336774029831,1380.0,5128.999936,295.0,352.0,343.0,1464.999936,343.0,2214.000128,445.0,-760.0,1221.956,257.0,6749.999936,-82.0,1136.999936,10704.0,-256.8,202.8,1.0,-5279.000064,12709.999936,2659.000064,1085.503008,1.0,1836.000064,257.8,20.0,12709.999616,-45.0,243.0,0.1008152751097641,91,106.0,1137.0,229.81,11330.0,288.0,-141.2,-267.969,188.0,-760.0,257.8,1.0,-43.0,399.0,445.0,15982.999552,-477.0,717.0,445.0,0.0534452133178827,-52.0,1.28,257.8,0.3016710811846519,-127.0,5960.0,45.0,229.81,-477.0,2659.000064,4070.955968,55.0,190.0,113.0,718.105552,103.0,-465.261,6749.999936
-44.0,9814.999936,4680.0,2014-09-30 00:00:00,1.909390130114392,1491.000064,5162.999808,284.0,379.0,355.0,1439.000064,355.0,2112.0,550.0,-1011.0,1271.4,221.0,7152.999808,-81.0,1172.0,11130.000384,0.0,-214.7,1.0,-5183.000064,13271.999872,2662.000128,1127.947008,-1.0,2018.0,196.3,-88.0,13272.000512,-39.0,-292.0,0.1011944976314378,92,-59.0,1265.0,196.97,11781.000384,-89.0,-114.7,-136.111,105.0,-1011.0,192.3,374.0,-396.0,311.0,550.0,16312.999936,-525.0,615.0,550.0,0.0539315558705443,15.0,1.256,192.3,0.302901023890785,-120.0,6119.000064,46.0,196.97,-525.0,2662.000128,4306.399936,411.0,90.0,101.0,750.105552,2.0,-872.172,7152.999808
-39.0,11236.999936,4901.000192,2014-12-31 00:00:00,0.2046976323675865,2359.000064,6168.999936,287.0,497.0,138.0,1419.000064,138.0,1623.000064,1025.0,-1092.999936,1144.999936,657.0,8588.999936,-89.0,1099.000064,11781.000192,369.05,-362.049984,2.0,-5431.000064,14909.000192,2648.0,987.0,0.0,2253.0,66.95,5.0,14908.99968,-137.0,-509.0,0.0846143745139932,92,51.0,1237.999936,148.85,12550.000192,-227.0,-32.05,-435.794,475.0,-1092.999936,61.95,431.0,-525.0,99.0,1025.0,17212.000256,-1070.999936,568.0,1025.0,0.0479616242975033,978.0,0.925,61.95,0.1255686915046439,-226.0,6320.000256,41.0,148.85,-1071.0,2648.0,4428.000256,429.0,-502.999936,77.0,652.350016,7.0,-1210.0,8588.999936
-39.0,11167.000064,4686.000128,2015-03-31 00:00:00,2.6550833501178865,1694.0,6192.0,280.0,535.0,36.0,1162.0,36.0,2284.999936,383.0,-721.0,872.0,704.0,8499.000064,-82.0,826.0,11845.999616,-68.35,64.35,2.0,-5727.000064,14347.000192,2668.0,806.0,0.0,2018.0,-9.65,-42.0,14346.999808,-68.0,120.0,0.0660791798275769,90,-230.0,862.0,163.51,12652.999616,105.0,-6.65,-168.806,-642.0,-721.0,-9.65,-78.0,-617.0,-3.0,383.0,17572.999168,-717.0,104.0,383.0,0.0381470979499605,-29.0,0.057,-9.65,0.0435835351089588,-150.0,5848.000128,38.0,163.51,-717.0,2668.0,4234.0,-74.0,-613.0,95.0,511.4,7.0,-1581.0,8499.000064
-35.0,10980.000192,4661.000192,2015-06-30 00:00:00,1.4900171568255318,1304.999936,6222.000128,274.0,464.0,55.0,1033.0,55.0,2452.999936,219.0,-492.0,584.0,429.0,8308.000192,-83.0,982.0,11960.999936,0.0,234.25,2.0,-6044.000256,14002.000384,2672.0,427.0,-1.0,1989.0,17.25,38.0,14001.999872,-75.0,360.0,0.0348158486599901,91,-44.0,833.0,138.69,12696.999936,261.0,-2.75,-65.863,-164.0,-492.0,17.25,-218.0,-164.0,20.0,219.0,18005.000192,-489.0,328.0,219.0,0.0202792756208067,-3.0,0.033,17.25,0.0560081466395112,-158.0,5694.000192,37.0,138.69,-489.0,2672.0,4079.000064,-217.0,-161.0,98.0,270.85,11.0,-1702.0,8308.000192
-43.0,11656.000192,4837.000192,2015-09-30 00:00:00,-5.68395383649621,2403.000064,6252.000256,236.0,248.0,26.0,1147.000064,26.0,2094.0,581.0,-551.0,255.0,674.0,8981.000128,-81.0,1120.999936,12042.000384,0.0,-652.4,2.0,-6407.000064,14965.000384,2675.000064,99.0,-3.0,2161.999936,-4.4,12.0,14965.000192,-83.0,-995.0,0.0073391649897454,92,13.0,854.0,121.64,12562.000384,-665.0,12.6,41.418,362.0,-551.0,-10.4,646.0,-194.0,-17.0,581.0,18449.000448,-2.0,357.0,581.0,0.0049686580196927,7.0,-0.049,-10.4,0.0231935784874121,-164.0,5984.000256,23.0,121.64,-2.0,2675.000064,4028.0,648.0,355.0,101.0,70.15,1.0,-1500.0,8981.000128
-43.0,12030.00032,5317.000192,2015-12-31 00:00:00,-0.2073610374975528,3193.999872,6269.000192,333.0,143.0,-1.0,1462.0,-1.0,2264.0,1391.000064,-632.0,38.0,767.0,8375.000256,-81.0,1088.999936,11544.999936,0.0,603.849984,2.0,-6777.999872,15154.000448,3655.000064,-127.0,-6.0,2110.0,-18.15,-37.0,15153.999872,-87.0,975.0,-0.0088382794443949,92,36.0,865.0,125.38,11959.999936,671.0,25.85,-209.427,810.0,-632.0,-18.15,-623.0,-166.0,-44.0,1391.000064,18322.999296,-632.0,466.0,1391.000064,-0.0049828693820418,976.0,-0.333,-18.15,-0.0009182736995128,-168.0,6779.000192,30.0,125.38,-632.0,3207.000064,3753.999872,-622.0,832.0,79.0,-74.9,4.0,-1138.0,8375.000256
-47.0,13355.000128,4693.000192,2016-03-31 00:00:00,0.8122732084237753,4080.999936,7886.000128,328.0,132.0,-106.846152,1783.000064,-106.846152,1155.000064,2505.0,-550.0,-26.846152,572.0,9695.000128,-74.0,850.0,11665.000448,-161.7,161.7,2.0,-7118.000128,16171.000384,3660.0,-194.84616,0.0,1969.000064,-105.3,4.0,16170.999808,-96.846152,276.0,-0.0128279882027078,91,-132.0,751.0,140.74,12090.000448,156.0,48.546152,-242.789,221.0,-550.0,-105.3,-267.0,-440.0,-153.84616,2505.0,18783.000576,-549.0,110.0,1612.0,-0.0072481814923422,1574.0,-0.758,-105.3,-0.1257013552941176,-170.84616,6476.000256,9.0,140.74,-1463.000064,2724.0,4041.999872,-267.0,-439.0,82.0,-110.6,4.0,-971.0,9695.000128
-50.0,14049.999616,4591.000064,2016-06-30 00:00:00,-0.1921273394645795,4698.999808,8844.99968,329.0,97.0,1.0,1831.000064,1.0,366.0,3297.999872,-547.0,-80.846152,301.0,10385.99968,-80.0,1140.0,11717.000192,-231.65,231.65,2.0,-7490.999808,16807.999808,3663.999936,-263.84616,0.0,1866.0,-36.35,27.0,16807.999488,-83.0,373.0,-0.0182226981976715,91,40.0,758.0,151.21,12109.000192,253.0,12.65,-170.81900000000002,213.0,-547.0,-36.35,-268.0,-138.0,-49.0,3297.999872,19207.999488,-546.0,409.0,1824.999936,-0.0106588772094021,930.0,-0.344,-36.35,0.0008771929824561,-163.0,6422.000128,6.0,151.21,-1126.0,2724.999936,4199.999872,-268.0,-137.0,85.0,-164.2,1.0,-945.0,10385.99968
-43.0,13642.000384,4517.000192,2016-09-30 00:00:00,-1.6762849413886385,3454.000128,8869.000192,334.0,97.0,79.0,1376.999936,79.0,587.0,2623.999936,-446.0,-27.846152,224.0,10431.000256,-82.0,1271.000064,12183.000064,-58.35,58.35,2.0,-7865.999872,16325.000384,3211.000128,-210.84616,0.0,1790.999936,80.35,-107.0,16325.000192,-88.0,129.0,-0.0081915659786802,92,-63.0,724.0,185.65,12871.000064,95.0,44.35,8.872,-934.0,-446.0,80.35,22.0,-6.0,36.0,2623.999936,20049.000448,55.0,440.0,891.0,-0.0050782997139639,-449.0,0.146,80.35,0.0621557797183557,-170.0,5894.000128,5.0,185.65,-925.0,2726.000128,4350.0,22.0,40.0,89.0,-79.45,2.0,-757.0,10431.000256
-34.0,13624.000128,4481.999872,2016-12-31 00:00:00,-1.7241129616220132,3297.999872,8894.000128,350.0,99.0,172.0,1566.0,172.0,654.0,2558.999936,-517.0,116.384616,41.0,10411.000128,-89.0,1239.000064,12369.999872,-129.65,129.65,2.0,-8210.999808,16459.0,3213.0,-58.615384,0.0,1753.999936,85.65,44.0,16458.999808,-88.0,227.0,-0.0057212869061914,92,15.0,809.0,180.07,13160.999872,211.0,-52.35,-31.763,227.0,-517.0,85.65,-43.0,23.0,138.0,2558.999936,20580.999168,-513.0,540.0,1118.0,-0.0033973365731549,-7.0,0.317,85.65,0.1388216231762842,-177.0,6047.999872,24.0,180.07,-306.0,2728.0,4199.000064,-44.0,27.0,99.0,-53.7,4.0,-561.0,10411.000128
-33.0,13076.999616,4448.999936,2017-03-31 00:00:00,2.164427748969009,2940.0,8915.999744,352.0,1687.0,93.0,952.0,93.0,520.0,2209.0,-519.0,345.0,105.0,10347.99968,-84.0,1135.000064,10682.000384,-84.85,84.85,2.0,-8545.999872,15748.999616,2728.999936,185.0,0.0,1720.0,42.85,-16.0,15749.000192,-93.0,174.0,0.0172250238807331,90,-96.0,790.0,186.23,12809.000448,165.0,-17.15,-48.982,-455.0,-519.0,42.85,-42.0,-155.0,60.0,2209.0,19228.000256,-441.0,364.0,663.0,0.0108082706766917,-521.0,0.15,42.85,0.0819383213708788,-177.0,5400.999936,29.0,186.23,-298.0,2728.999936,4785.000192,-42.0,-562.0,1678.0,172.5,7.0,-276.0,10347.99968
-19.0,13331.999744,4111.000064,2017-06-30 00:00:00,0.0813497686870756,3064.0,8938.999808,342.0,1753.999936,68.0,1558.0,68.0,531.0,2199.000064,-731.0,412.0,182.0,10601.999808,-81.0,1140.999936,10995.999744,195.0,-195.0,2.0,-8504.999936,16270.999872,2729.999936,283.0,0.0,1830.000064,38.0,-13.0,16270.999552,-85.0,-274.0,0.0235364231526815,91,41.0,940.0,159.58,13206.999744,-132.0,-11.0,-229.343,-3.0,-731.0,38.0,233.0,-248.0,49.0,2199.000064,19501.000704,-464.0,483.0,660.0,0.014924877243202,-7.0,0.116,38.0,0.0595968482157741,-166.0,5669.000064,25.0,159.58,-479.0,2280.999936,4786.000128,233.0,19.0,1724.999936,246.85,6.0,-386.0,10601.999808
-20.0,13327.999424,4152.999936,2017-09-30 00:00:00,0.2025161812685347,2900.999936,8958.999552,384.0,1795.999936,147.0,1715.000064,147.0,738.0,1992.999936,-705.0,480.0,72.0,10596.999552,-81.0,1311.000064,11347.00032,-103.0,103.0,2.0,-8840.999936,16464.999552,2730.999872,374.0,0.0,1871.000064,80.0,-38.0,16465.000448,-76.0,185.0,0.0234594339521394,92,-70.0,1053.0,147.54,13564.00032,192.0,-47.0,-208.729,-24.0,-705.0,80.0,-23.0,-251.0,127.0,1992.999936,20188.000256,-703.0,454.0,636.0,0.0150350713747348,7.0,0.304,80.0,0.1121281409792517,-157.0,5868.0,28.0,147.54,-485.0,2281.999872,4826.000128,-23.0,-249.0,1788.999936,246.5,8.0,-631.0,10596.999552
-25.0,14010.999936,3596.0,2017-12-31 00:00:00,-1.3766046633481792,3007.000064,8976.0,391.0,1894.0,349.0,2128.0,349.0,623.0,2108.999936,-752.0,660.0,42.0,11278.999872,-80.0,1778.0,11765.999616,462.95,-457.950016,2.0,-9196.000256,17002.999872,2732.000064,560.0,0.0,1313.0,207.05,11.0,17002.999808,-95.0,298.0,0.0331949441830427,92,48.0,1233.0,172.85,13995.999616,-282.0,-116.95,-122.144,260.0,-752.0,202.05,665.0,46.0,324.0,2108.999936,20962.000896,-747.0,798.0,896.0,0.0218636067298913,-8.0,0.86,202.05,0.1962879640044994,-175.0,5724.0,24.0,172.85,-530.0,2283.000064,5368.0,665.0,51.0,1894.0,365.8,3.0,-608.0,11278.999872
-18.0,14135.000448,3671.000064,2018-03-31 00:00:00,-3.961174662152604,2824.0,8993.000448,405.0,1907.000064,378.0,2249.999872,378.0,1010.0,1723.0,-869.0,942.0,57.0,11402.000448,-90.0,2264.0,12229.999616,-101.83999999999996,102.84,2.0,-9230.000128,17323.000384,2733.0,860.0,0.0,1387.0,280.84,-15.0,17322.999808,-92.0,164.0,0.0551927496980093,90,-211.0,1261.0,171.78,14498.999616,231.0,-79.16,106.039,105.0,-869.0,279.84,178.0,-314.0,360.0,1723.0,21460.000768,-865.0,555.0,1001.0,0.0366406627963231,-45.0,1.504,279.84,0.1669611307420494,-182.0,5920.999936,23.0,171.78,-405.0,2284.0,6494.0,178.0,-310.0,1907.000064,605.89,11.0,-767.0,11402.000448
-459.0,13768.999808,3703.000064,2018-06-30 00:00:00,-2.464799047880619,2459.000064,9016.999936,382.0,1918.0,348.860768,2262.000128,348.860768,1102.0,1183.0,-835.0,1222.860768,187.0,11483.999872,-95.0,2240.999936,12490.000384,-192.01,192.01,2.0,-8070.000128,17449.000064,2284.999936,700.86076,-7.0,1418.0,258.01,-5.0,17449.00096,-76.13924,252.0,0.0742696690867473,91,160.0,1485.0,189.24,14990.000448,295.0,365.149248,-43.692,-209.0,-835.0,258.01,66.0,64.0,-110.13924,1183.0,20559.998976,-728.0,899.0,792.0,0.0489857643807618,-489.0,1.498,258.01,0.1556719223395818,-171.139248,5965.000192,23.0,189.24,-619.0,2284.999936,7594.0,63.0,-279.0,1918.0,825.9,-434.0,-455.0,11483.999872
76.0,14180.000512,3904.999936,2018-09-30 00:00:00,-8.467944201775397,2660.0,9043.00032,485.0,1972.999936,479.518976,2224.999936,479.518976,810.0,1476.0,-978.0,1555.379744,39.0,11894.000384,-96.0,2275.000064,12931.00032,54.0,-56.0,2.0,-7827.999744,18024.000256,2286.000128,1129.379736,-1.0,1619.0,355.0,-57.0,18023.999488,-80.481016,-43.0,0.0975672673446433,92,-30.0,1474.000064,174.19,15364.00032,96.0,-200.518992,14.194,127.0,-978.0,357.0,411.0,-106.0,555.518976,1476.0,20758.99904,-706.0,872.0,919.0,0.0638406449617501,6.0,1.658,357.0,0.2107775659385652,-176.481008,6129.999872,31.0,174.19,-751.0,2286.000128,8558.0,411.0,166.0,1972.999936,1100.9,99.0,-310.0,11894.000384
-29.0,14394.999552,3974.000128,2018-12-31 00:00:00,0.7560345891353666,2580.0,9063.999488,538.0,1386.0,285.0,1818.0,285.0,1016.0,1268.0,-1100.999936,1472.0,376.0,12110.999552,-99.0,2036.999936,13548.000256,124.0,-122.0,2.0,-8217.999872,17902.99968,2284.0,1384.0,-19.0,1690.0,202.0,20.0,17902.999552,-81.0,-145.0,0.0920248044903266,92,223.0,1495.999936,131.52,15323.000256,-35.0,-54.0,-105.351,-94.0,-1100.999936,200.0,324.0,-185.0,256.0,1268.0,21766.00064,-1014.999936,916.0,825.0,0.0619377732091954,-175.0,1.367,200.0,0.1399116391528448,-180.0,5792.000128,317.0,131.52,-835.0,2284.0,8817.000448,324.0,-98.999936,1386.0,1080.999936,-8.0,-541.0,12110.999552
-29.0,14855.999872,3614.000128,2019-03-31 00:00:00,0.2381149847457124,2504.999936,9088.0,306.0,1174.0,438.0,2532.0,438.0,1691.000064,956.0,-813.0,1551.379744,426.0,12208.999936,-94.0,2248.0,14401.000448,29.360000000000014,-27.36,2.0,-8600.000512,18355.000064,2646.999936,1110.379736,-1.0,1561.000064,322.64,-66.0,18354.999296,-46.0,-49.0,0.0962170618932749,90,-245.0,1563.0,152.28,15850.000448,78.0,-86.36,-168.805,-314.0,-813.0,320.64,350.0,-209.0,409.0,956.0,23000.999936,-807.0,604.0,511.0,0.0637731951662308,-223.0,1.599,320.64,0.1948398576512455,-140.0,6146.000128,390.0,152.28,-695.0,2052.999936,8800.999936,350.0,-203.0,1174.0,1137.65,-8.0,-436.0,12208.999936
-40.0,14497.999744,3704.999936,2019-06-30 00:00:00,-1.822840522025336,2175.000064,9125.999616,465.0,1334.999936,414.0,2524.999936,414.0,1979.000064,643.0,-832.0,1616.518976,500.0,11875.999744,-80.0,2384.999936,14334.000128,-567.3699839999999,567.369984,2.0,-7874.999808,18105.999616,2622.0,1594.518976,-1.0,1673.0,398.369984,-2.0,18105.99936,-87.0,488.0,0.1092567861098812,91,67.0,1377.0,153.86,15931.000064,479.0,24.37,52.258,207.0,-832.0,398.369984,-169.0,-43.0,374.0,643.0,22208.999424,-781.0,789.0,643.0,0.0718891842215008,-257.0,1.905,398.369984,0.173584910318421,-167.0,6229.999872,445.0,153.86,-325.0,2032.0,8944.999936,-169.0,8.0,1324.999936,1278.009984,-16.0,-543.0,11875.999744
-29.0,14466.000448,3761.999872,2019-09-30 00:00:00,-1.2509939359865063,1923.000064,9144.000512,462.0,1303.000064,443.0,2460.0,443.0,2172.999936,437.0,-919.0,1580.0,392.0,11856.000512,-72.0,2430.000128,14590.999552,-102.79001599999998,101.79,2.0,-8280.999936,18078.000384,2609.999936,1453.0,-8.0,1741.000064,332.790016,-26.0,18077.999104,-37.0,152.0,0.1054989433883346,92,-17.0,1227.0,125.77,16154.999552,242.0,-81.21,99.604,-205.0,-919.0,333.790016,231.0,-25.0,414.0,437.0,22872.000512,-894.0,894.0,437.0,0.0695695556466105,-205.0,1.927,333.790016,0.1823045171460995,-109.0,6221.999872,253.0,125.77,-894.0,2020.999936,9100.0,231.0,0.0,1287.000064,1255.8,-3.0,-462.0,11856.000512
84.0,15302.99968,4456.0,2019-12-31 00:00:00,0.5054704595185996,2191.000064,9162.999808,490.0,1911.0,456.0,2496.0,456.0,2536.0,631.0,-656.0,1748.999936,323.0,12135.999744,-78.0,2654.000128,14725.000192,-56.089984000000015,56.09,2.0,-8583.000064,19087.999744,3166.999936,1704.0,-4.0,1890.999936,417.089984,-30.0,19087.998976,-106.0,78.0,0.1088662546559097,92,-183.0,1276.999936,151.37,16897.000192,210.0,-122.91,114.25,192.0,-656.0,417.089984,361.0,172.0,540.0,631.0,23307.999232,-589.0,828.0,631.0,0.0715222684782995,-103.0,2.088,417.089984,0.1718161183148217,-184.0,6952.0,284.0,151.37,-533.0,2564.999936,9717.999616,361.0,239.0,1890.0,1322.840064,117.0,-105.0,12135.999744
742.0,15124.000448,4760.0,2020-03-31 00:00:00,-3.199052715753214,2068.999936,9178.000384,1006.0,1846.000064,249.0,2080.0,249.0,2128.999936,784.0,-682.0,1562.0,542.0,12211.00032,-56.0,2051.000064,14874.999808,159.0,-159.0,2.0,-8986.999808,19051.00032,2913.000128,2319.0,-146.0,2473.999936,132.0,-106.0,19050.999808,-31.0,-98.0,0.1049344775240284,91,105.0,994.0,70.15,16981.999872,-5.0,-859.0,-65.028,153.0,-682.0,132.0,291.0,143.0,991.0,784.0,23861.999616,-681.0,825.0,784.0,0.0684515860913388,9.0,0.996,132.0,0.1214041892882164,-87.0,6840.0,147.0,70.15,-681.0,2286.000128,9520.000256,291.0,494.0,1803.000064,1280.249984,767.0,247.0,12211.00032
-1.0,14166.999872,4582.000128,2020-06-30 00:00:00,-1.6169143396294885,1195.000064,9287.000064,974.0,1789.0,-95.0,1584.0,-95.0,2247.000064,180.0,-431.0,1053.0,279.0,11740.0,-60.0,1268.999936,14661.000192,-364.98,364.98,2.0,-9349.000192,17906.000128,2426.999872,1849.0,-34.0,2404.000064,-84.02,-49.0,17905.999872,-100.0,513.0,0.067654133524706,91,-71.0,817.0,97.7,16711.000192,433.0,11.98,165.339,-609.0,-431.0,-84.02,-449.0,-102.0,-96.0,180.0,24010.000384,-425.0,329.0,180.0,0.0443107862387727,-513.0,-0.395,-84.02,-0.074862099914243,-160.0,6166.000128,186.0,97.7,-425.0,2177.999872,8404.000256,-449.0,-433.999872,1786.0,797.86,32.0,188.0,11740.0
-21.0,15153.999808,5634.999808,2020-09-30 00:00:00,-0.3797258979206049,2420.0,9306.999808,954.0,1747.000064,46.0,1688.0,46.0,2175.000064,1324.999936,-287.0,585.962032,242.0,11653.999872,-64.0,1776.0,14549.000192,-32.648649,32.648648,2.0,-9719.000064,18976.99968,3499.999936,602.962024,-18.0,2374.0,12.648649,-61.0,18976.999424,-47.0,25.0,0.0374860605531838,92,-30.0,890.0,85.99,16557.000192,49.0,-12.351351,169.28,1142.0,-287.0,12.648649,-20.0,105.0,25.0,1324.999936,24267.999232,-236.0,392.0,1324.999936,0.0239454144716677,986.0,0.251,12.648649,0.0259009009009009,-111.0,7322.999808,171.0,85.99,-236.0,3260.999936,7750.000128,-20.0,1247.000064,1747.000064,443.648649,13.0,319.0,11653.999872
42.0,15634.999616,5753.999872,2020-12-31 00:00:00,0.1801242236024845,2595.000064,9324.99968,513.0,1737.0,139.126576,1906.0,139.126576,2624.0,1442.0,-328.0,439.0,234.0,11568.99968,-64.0,1972.0,14636.000256,-119.0,119.0,2.0,-10071.000064,19228.999552,4065.999936,270.0,-11.0,1945.0,162.0,2.0,19228.99968,-100.873416,232.0,0.0120118121459103,92,-108.0,967.0,113.89,16634.000256,206.0,-19.126582,177.1,110.0,-328.0,162.0,43.0,209.0,181.126576,1442.0,24707.00032,-326.0,537.0,1442.0,0.0074311665836962,-101.0,0.68,162.0,0.0705510020283975,-164.873424,7659.999872,225.0,113.89,-326.0,3808.999936,7068.000256,43.0,211.0,1734.0,142.37,75.0,356.0,11568.99968
-28.0,24705.999936,8961.999872,2021-03-31 00:00:00,-1.4342485153395357,2552.0,14839.000064,981.0,1837.0,544.0,3243.000064,544.0,5891.999744,668.0,-488.0,592.088608,284.0,18146.000128,-68.0,2743.000064,25700.999168,0.0,466.0,2.0,-10520.000512,30351.000064,6559.999808,627.0886,-168.0,2527.000064,396.0,-270.0,30350.999552,-36.0,364.0,0.0320603912539874,90,-425.0,1736.0,158.82,27798.999168,398.0,-120.0,255.614,-777.0,-488.0,396.0,-70.0,-111.0,516.0,668.0,36221.001728,-465.0,377.0,668.0,0.0192967351595059,-806.0,1.541,396.0,0.1983229993829121,-104.0,12204.999936,274.0,158.82,-348.0,6434.999808,7760.0,-70.0,-628.0,1834.0,476.648649,10.0,102.0,18146.000128
-39.0,29925.000128,9873.000448,2021-06-30 00:00:00,0.295474646496897,2359.000064,19089.999872,1013.0,1889.000064,857.0,4272.999936,857.0,7193.999872,93.0,-760.0,1586.126576,246.0,22637.999872,-75.0,3699.000064,32274.999296,0.0,247.42,2.0,-11153.999872,36784.000256,7287.000256,1540.126576,-10.0,2708.999936,627.420032,-34.0,36784.001024,-21.0,327.0,0.0696415526585984,91,-14.0,2362.999936,162.52,34424.999424,453.0,-190.58,544.974,-582.0,-760.0,626.419968,380.0,706.0,818.0,93.0,43428.999168,-751.0,1466.0,93.0,0.0438130795893852,-354.0,2.583,626.419968,0.2316842349749145,-96.0,14146.000384,241.0,162.52,-1694.0,7164.000256,10190.000128,380.0,494.0,1887.000064,1198.068681,2.0,909.0,22637.999872
