Non-Operating Income (Loss),StockBased Compensation,Line of Credit Available,Equity Charge,WACC Discount Factor,Other Accrued Liabilities,Operating Leases,Line of Credit,Total Current Liabilities,BALANCE SHEET,Total Liabilities & Equity,Operating Income,NonCash Items,Days in Period,Net Share Repurchases,"Cash, Cash Equivalents & STI",Misc LT Assets,Rental Expense - Years 2 - 5,"Selling, General & Admin",Revenue,ST Debt,-Net Share Repurchases,LTM Basic EPS,Rental Expense - Year 1,ST Capital Leases,Rental Expense Beyond Year 5,Dep & Amort,Work In Process,Total Liabilities / Tangible Assets,Current Liabilities,Other Adjustments,Free Cash Flow (LTM),Deferred Compensation,Other Operating Expenses,Free Cash Flow to Firm,ST Deferred Tax Assets,Cash (Repurchase) of Equity,Free Cash Flow to Equity,Deferred Tax Liabilities,Repayments of LT Debt,Other PostRet Benefits,Effect of Foreign Exchanges,Income (Loss) from Cont Ops,year + weight + convention,Free Cash Flow to Firm Model,Dividends,Net Extraordinary Losses (Gains),Net Cash From Disc Ops (fin),Period Weight,Pretax Income,LT Marketable Securities,ST Borrowings,Dividend Yield (LTM),Free Cash Flow per Share,LT Receivables,Prepaid Expenses,Cash % of Revenue,Diluted - Basic Shares,Diluted EPS,Operating Margin,Operating Expenses,Line of Credit Used,Interest & Dividends Payable,PP&E Gross,EBITDAR,A = L + SE,Inventories,Discontinued Operations NI,PV of Free Cash Flow to Firm,Pensions,Raw Materials,Other Non-Op Income (Loss),Bull,Discounted Residual Income (Bear)
0.0,0.0,0.0,2011-03-31 00:00:00,0.0,0.0,0.0,0.0,0.0,0.0,0.0,0.0,0.0,0.0,0.0,0.0,0.0,0.0,0.0,0.0,0.0,0.0,0.0,0.0,0.0,0.0,0.0,0.0,0.0,0.0,0.0,0.0,0.0,0.0,0.0,0.0,90,0.0,0.0,4.0,0.0,0.0,0.0,0.0,0.0,0.0,0.0,0.0,0.0,0.0,0.0,0.0,0.0,0.0,0.0,0.0,0.0,0.0,0.0,0.0,0.0,0.0,0.0,4.0,0.0,0.0,0.0,0.0,0.0,0.0,0.0,0.0,0.0,0.0
0.0,0.0,0.0,2011-06-30 00:00:00,0.0,0.0,0.0,0.0,0.0,0.0,0.0,0.0,0.0,0.0,0.0,0.0,0.0,0.0,0.0,0.0,0.0,0.0,0.0,0.0,0.0,0.0,0.0,0.0,0.0,0.0,0.0,0.0,0.0,0.0,0.0,0.0,91,0.0,0.0,0.0,0.0,0.0,0.0,0.0,0.0,0.0,0.0,0.0,0.0,0.0,0.0,0.0,0.0,0.0,0.0,0.0,0.0,0.0,0.0,0.0,0.0,0.0,0.0,0.0,0.0,0.0,0.0,0.0,0.0,0.0,0.0,0.0,0.0,0.0
0.0,0.0,0.0,2011-09-30 00:00:00,0.0,0.0,0.0,0.0,0.0,0.0,0.0,0.0,0.0,0.0,0.0,0.0,0.0,0.0,0.0,0.0,0.0,0.0,0.0,0.0,0.0,0.0,0.0,0.0,0.0,0.0,0.0,0.0,0.0,0.0,0.0,0.0,92,0.0,0.0,0.0,0.0,0.0,0.0,0.0,0.0,0.0,0.0,0.0,0.0,0.0,0.0,0.0,0.0,0.0,0.0,0.0,0.0,0.0,0.0,0.0,0.0,0.0,0.0,0.0,0.0,0.0,0.0,0.0,0.0,0.0,0.0,0.0,0.0,0.0
0.0,0.0,0.0,2011-12-31 00:00:00,0.0,0.0,0.0,0.0,0.0,0.0,0.0,0.0,0.0,0.0,0.0,0.0,0.0,0.0,0.0,0.0,0.0,0.0,0.0,0.0,0.0,0.0,0.0,0.0,0.0,0.0,0.0,0.0,0.0,0.0,0.0,0.0,92,0.0,0.0,4.0,0.0,0.0,0.0,0.0,0.0,0.0,0.0,0.0,0.0,0.0,0.0,0.0,0.0,0.0,0.0,0.0,0.0,0.0,0.0,0.0,0.0,0.0,0.0,4.0,0.0,0.0,0.0,0.0,0.0,0.0,0.0,0.0,0.0,0.0
-0.093835,9.491683,0.0,2011-06-30 00:00:00,0.0,8.042494,10.619588,0.0,0.0,-0.589127,0.029477,-0.589127,-8.040994,8.040994,-0.125747,0.0,0.0015,9.491683,-0.657309,0.328003,0.087096,0.0342471875,-0.03424719921875,0.005787,0.0,9.52116,0.0,0.0,0.0,0.0,-0.6645211875,-0.120797,9.52116,0.0,-0.047926,0.0,91,0.189661,0.029477,5.1,1.478666,0.24296,0.01844080078125,0.0,0.112846,-0.125747,-0.6645211875,-0.630274,-0.242272,-0.682962,8.040994,0.0,-0.125747,-0.116525,8.014452,0.0,0.525,0.0,-0.6645211875,-1.7961024746724876,-0.657309,0.029477,0.0,5.1,-0.295629,0.0,0.0,-0.630274,0.0,0.0,0.0,0.0,0.0,9.491683
0.0,0.0,0.0,2011-09-30 00:00:00,0.0,0.0,0.0,0.0,0.0,0.0,0.0,0.0,0.0,0.0,0.0,0.0,0.0,0.0,0.0,0.0,0.0,0.0,0.0,0.0,0.0,0.0,0.0,0.0,0.0,0.0,0.0,0.0,0.0,0.0,0.0,0.0,91,0.0,0.0,5.12,0.0,0.0,0.0,0.0,0.0,0.0,0.0,0.0,0.0,0.0,0.0,0.0,0.0,0.0,0.0,0.0,0.0,0.0,0.0,0.0,0.0,0.0,0.0,5.12,0.0,0.0,0.0,0.0,0.0,0.0,0.0,0.0,0.0,0.0
0.0,0.0,0.0,2011-12-31 00:00:00,0.0,0.0,0.0,0.0,0.0,0.0,0.0,0.0,0.0,0.0,0.0,0.0,0.0,0.0,0.0,0.0,0.0,0.0,0.0,0.0,0.0,0.0,0.0,0.0,0.0,0.0,0.0,0.0,0.0,0.0,0.0,0.0,92,0.0,0.0,5.82,0.0,0.0,0.0,0.0,0.0,0.0,0.0,0.0,0.0,0.0,0.0,0.0,0.0,0.0,0.0,0.0,0.0,0.0,0.0,0.0,0.0,0.0,0.0,5.82,0.0,0.0,0.0,0.0,0.0,0.0,0.0,0.0,0.0,0.0
0.0,0.0,0.0,2012-03-31 00:00:00,0.0,0.0,0.0,0.0,0.0,0.0,0.0,0.0,0.0,0.0,0.0,0.0,0.0,0.0,0.0,0.0,0.0,0.0,0.0,0.0,0.0,0.0,0.0,0.0,0.0,0.0,0.0,0.0,0.0,0.0,0.0,0.0,92,0.0,0.0,5.86,0.0,0.0,0.0,0.0,0.0,0.0,0.0,0.0,0.0,0.0,0.0,0.0,0.0,0.0,0.0,0.0,0.0,0.0,0.0,0.0,0.0,0.0,0.0,5.86,0.0,0.0,0.0,0.0,0.0,0.0,0.0,0.0,0.0,0.0
0.0,26.500194,1.34538,2012-06-30 00:00:00,0.0,4.545033,33.449292,0.71943,0.0,-0.96528,0.681456,-0.96528,-3.997679,3.997679,-1.483066,0.0,0.063033,26.500194,-1.567704,1.151957,23.981996,1.1102230246251563e-16,0.0,0.014273,-0.93977,28.52703,0.0,0.0,0.0,1.34538,-0.96528,-0.002635,28.52703,0.0,0.011453,0.0,90,-0.578966,0.681456,6.95,23.981996,0.827216,0.0,0.0,-1.406488,-1.483066,-0.96528,-0.96528,-1.856488,-0.96528,3.997679,24.921768,-1.483066,-0.373422,3.997679,0.0,0.45,0.0,-0.96528,-0.8379479442375021,-1.567704,2.026836,0.063033,6.95,-1.483066,0.0,0.0,-0.96528,0.0,0.0,0.0,0.0,0.0,26.500194
0.0,45.033029,1.424556,2013-06-30 00:00:00,0.0,18.989034,52.87252,0.798606,0.0,-0.890393,2.031052,-0.890393,-18.43192,18.43192,-5.792477,0.0,0.093193,45.033029,-1.499559,1.291579,29.499604,0.0,0.0,0.017801,-1.336432,48.488637,0.0,0.0,0.0,1.424556,-0.890393,-0.03016,48.48864,0.0,0.011824,0.0,91,1.339836,2.031052,8.76,29.499604,0.897782,0.0,0.0,14.434241,-5.792477,-0.890393,-0.890393,-4.04859,-0.890393,18.43192,30.836036,-5.792477,1.743887,18.43192,0.0,18.537272,0.0,-0.890393,-0.689383305241104,-1.499559,3.455608,0.093193,8.76,-5.846918,0.0,0.0,-0.890393,-4.04859,0.0,0.0,0.0,0.0,45.033029
0.012242,45.789472,1.680948,2013-09-30 00:00:00,0.0,9.658505,53.760456,1.054998,0.0,-0.143735,5.248034,-0.143735,-7.867616,7.867616,-14.206611,0.0,0.068567,45.789472,-1.611318,2.820731,43.059952,0.0,0.0,0.017801,-2.253548,52.718454,0.0,0.0,0.0,1.680948,-0.131493,0.024626,52.718456,0.0,0.013906,0.0,92,1.983207,5.248034,14.499,43.059952,0.910231,0.0,0.0,-10.564304,-14.206611,-0.131493,-0.131493,-10.52755,-0.131493,7.867616,45.313496,-14.206611,3.679061,7.867616,0.0,-0.00839,-0.02,-0.131493,-0.0509566491806556,-1.611318,6.928982,0.068567,14.499,-14.234975,0.0,0.0,-0.131493,-10.52755,0.0,0.0,0.0,0.0,45.789472
0.002574,102.605717,1.886061,2013-12-31 00:00:00,0.1962519167579407,56.305036,109.041744,1.18241,0.0,1.610084,7.231643,1.610084,-52.350584,52.350584,-12.896484,-0.389324,0.066051,102.605717,-2.004179,5.051434,55.418384,0.0,0.0,0.023576,-2.880253,111.723421,0.0,-0.374508,0.0,1.886061,1.534957,0.002516,111.723416,0.0,0.194199,0.0,92,-0.179955,7.231643,12.2,55.418384,1.162876,-0.077701,-8.217,44.482968,-12.896484,1.534957,1.534957,-9.829602,1.612658,52.350584,58.298636,-12.896484,3.066882,52.350584,0.0,54.290308,0.032,1.534957,0.3187380058811022,-2.004179,9.117704,0.066051,12.2,-12.874223,0.0,10.315701,1.534957,-9.829602,0.0,-0.452209,0.0,-26.26223,102.605717
0.042773,104.389654,3.188311,2014-03-31 00:00:00,0.4067802433090024,40.661184,109.661992,1.801224,0.0,1.824355,9.669834,1.824355,-37.732848,37.732848,-21.980142,2.400311,0.047213,104.389654,-1.544458,5.970452,76.586608,-0.0130019999999999,0.0130019501953125,0.023601,-4.410449,117.247799,0.0,2.4579,0.0,3.188311,1.176691,0.018838,117.2478,0.0,0.707818,0.0258196036716308,90,3.464304,7.346378,15.26,76.586608,1.367286,-0.6904370625,-10.275,-14.617737,-21.980142,1.176691,1.163689,-14.454667,1.867128,37.732848,80.997056,-21.980142,7.525475,37.732848,0.0231831791537674,-0.039219,0.06,1.176691,0.3055639673512156,-1.544458,12.858145,0.047213,15.26,-22.103992,0.0,15.134196,1.163689,-14.493886,0.0,1.689762,0.0,-38.860409,104.389654
0.019576,136.580344,5.321143,2014-06-30 00:00:00,0.4253924702058504,50.575076,139.030944,2.276845,0.0,4.459373,8.65434,4.459373,-45.535352,45.535352,-26.557496,7.750077,0.259096,136.580344,-1.634807,11.204238,99.980752,0.0,0.0,0.025646,-7.888265,150.555827,0.0,7.827242,0.0,5.321143,2.821738,-0.211883,150.555824,0.0,1.694523,0.0594878329802288,91,-3.126877,8.65434,17.45,99.980752,2.334624,-1.657211,-14.768,7.802506,-26.557496,2.821738,2.821738,-21.050196,4.478949,45.535352,107.869016,-26.557496,5.507301,45.535352,0.0542782541291879,28.728852,0.124,2.821738,0.398007700300547,-1.634807,13.975483,0.259096,17.45,-26.433646,0.0,25.046855,2.821738,-21.010976,0.0,5.401893,0.0,-55.862015,136.580344
0.016224,139.206701,6.851067,2014-09-30 00:00:00,-0.0634744103773585,33.649764,139.930832,2.79281,0.0,2.724204,9.157583,2.724204,-29.066848,29.066848,-24.839184,10.618016,1.590066,139.206701,-1.816131,10.929771,121.565584,0.0,0.0,0.025725,-12.383133,155.215351,0.0,10.699163,0.0,6.851067,1.726469,0.042243,155.215344,0.0,-2.211049,0.0784865425297203,92,0.960051,9.157583,14.74,121.565584,1.774323,-1.013959,-16.96,-16.468504,-24.839184,1.726469,1.726469,-15.883474,2.740428,29.066848,133.94872,-24.839184,8.955711,29.066848,0.0698285223470162,0.051644,0.123,1.726469,0.2492462101904971,-1.816131,16.00865,1.590066,14.74,-25.47586,0.0,33.155895,1.726469,-15.883473,0.0,7.259855,0.0,-61.217939,139.206701
0.007391,142.542537,8.835879,2014-12-31 00:00:00,-0.0968271419368692,15.083298,140.558064,3.896489,0.0,3.582346,16.263051,3.582346,-8.622235,8.622235,-32.78996,12.570275,2.844387,142.542537,-1.78763,9.984982,152.55816,0.0,0.0,0.025734,-14.688047,167.641467,0.0,12.656239,0.0,8.835879,2.708604,0.056253,167.641456,0.0,0.050731,0.0686972055693286,92,5.22732,16.263051,10.5,152.55816,1.51874,-0.881133,-23.285,-20.444612,-32.78996,2.708604,2.708604,-21.03038,3.589737,8.622235,167.246208,-32.78996,11.759578,8.622235,0.0602831697465528,-0.01159,0.051,2.708604,0.358773405900982,-1.78763,25.09893,2.844387,10.5,-32.1926,0.0,38.089444,2.708604,-21.030382,0.0,8.4205,0.0,-72.41872,142.542537
0.00078,152.284097,18.361448,2015-03-31 00:00:00,1.9269149722735672,8.854881,141.275248,3.995043,0.0,-1.549389,6.930803,-1.549389,7.149875,2.850125,-9.786025,9.216534,3.150816,142.284097,-1.728987,6.045701,158.721472,1.1102230246251563e-16,0.0,0.025767,-18.342344,167.576348,10.0,9.260505,0.0,8.361448,-0.975624,0.010869,167.576352,0.0,0.066979,0.0509270806037242,90,-8.875941,6.930803,10.62,158.721472,0.148682,0.572985,-5.41,-5.77211,-9.786025,-0.975624,-0.975624,-15.83461,-1.548609,2.850125,177.063808,-9.786025,-6.048585,2.850125,0.0441057189560244,10.0625,-0.017,-0.975624,-0.2562794620508027,-1.728987,25.292251,3.150816,10.62,-9.786025,10.0,38.164692,-0.975624,-5.83461,0.0,6.281187,0.0,-73.79866,142.284097
-0.079003,233.290488,51.937904,2015-06-30 00:00:00,-226.90638348082592,13.59148,190.847472,6.264985,0.0,1.019686,6.999288,1.019686,35.132432,5.767566,-79.713192,5.776847,3.803254,192.390488,-2.04373,8.97679,237.736208,0.0,0.0,0.030276,-21.547378,251.32768,40.9,5.722239,0.0,11.037906,0.534167,-1.025752,251.32768,0.0,0.0794,0.024279453444067,91,-1.750673,6.999288,11.19,237.736208,1.142402,-0.406516,0.339,2.917441,-79.713192,0.534167,0.534167,-76.582264,0.940683,5.767566,259.283584,-79.713192,3.130929,5.767566,0.0198744957693013,79.815744,-0.009,0.534167,0.113591384002522,-2.04373,58.937192,3.803254,11.19,-80.029232,40.9,35.937244,0.534167,-45.619763,0.0,3.993616,0.0,-129.330728,192.390488
-0.348906,233.994796,51.250384,2015-09-30 00:00:00,-0.6844584862507314,8.822127,192.690048,6.261614,0.744379,-1.473514,7.52515,-1.473514,37.781768,3.118234,-9.472646,1.579129,3.043231,193.094796,-2.002638,8.629007,242.303824,0.0,0.0,0.030391,-26.215732,251.87033,40.9,1.159391,0.0,10.350383,-1.138268,0.110831,251.870336,0.0,-1.858255,0.0067943058348605,92,1.901504,7.52515,9.87,243.048203,-1.891439,0.684152,-18.801,-4.611474,-9.472646,-1.138268,-1.138268,-5.932496,-1.82242,3.118234,268.519552,-9.472646,3.54015,3.118234,0.0055461494002933,1.191609,-0.018,-1.138268,-0.1707628699339333,-2.002638,58.775534,3.043231,9.87,-9.343233,40.9,33.63648,-1.138268,-5.994996,0.744379,1.128879,0.0,-119.37975,193.094796
-0.315021,232.131126,53.301952,2015-12-31 00:00:00,-0.3830753380553766,8.714491,193.299424,7.40195,0.885227,-1.998914,11.333167,-1.998914,41.468648,4.43135,-10.691226,-4.002131,1.775283,186.231126,-2.22004,7.362394,241.266528,-6.052932,6.052932,0.030392,-29.863838,250.866245,45.9,-4.744281,0.0,7.40195,-1.420114,0.09763,250.86624,0.0,10.996271,-0.0182486575878798,92,5.152244,11.333167,7.05,242.151755,7.447753,0.8938209375,-3.106,3.275258,-10.691226,-1.420114,-7.473046,-1.916168,-2.313935,4.43135,271.130368,-10.691226,8.775058,4.43135,-0.0143358845185967,5.0048,-0.048,-1.420114,-0.2715032637481775,-2.22004,64.635119,1.775283,7.05,-10.5046,45.9,31.013892,-7.473046,3.083832,0.820904,-2.999839,0.0,-100.265536,186.231126
-0.412621,222.462914,58.449232,2016-03-31 00:00:00,2.2825386852821405,7.213989,193.906256,7.549231,9.644418,-2.421394,7.246986,-2.421394,47.088832,3.811166,-3.901658,-4.874136,1.029704,171.562914,-2.220072,6.092388,220.40072,-13.917855875,13.917856,0.030397,-33.258464,237.259132,50.9,-6.029687,0.0,7.549231,-1.357188125,0.187298,237.25912,0.0,21.52012,-0.0215480983185148,91,-2.993997,7.246986,5.05,230.045138,13.133388,1.476826875,-1.719,-0.620184,-3.901658,-1.357188125,-15.275044,-5.642684,-2.834015,3.811166,253.659184,-3.901658,-1.741026,3.811166,-0.0167050733390279,5.0225,-0.092,-1.357188125,-0.3974457962953114,-2.220072,65.696218,1.029704,5.05,-3.901658,50.9,31.060579,-15.275044,-0.642684,0.609038,-3.381403125,0.0,-90.073612,171.562914
-0.012372,217.294056,7.722019,2016-06-30 00:00:00,2.9420102880658434,12.470305,255.578896,7.722019,19.163705,-0.064099,3.554577,-0.064099,-8.328712,8.328712,-4.519292,-5.957921,1.222578,217.294056,-1.920387,7.104609,196.93664,-16.5437921875,16.543792,0.041917,-35.837664,228.570652,0.0,-7.046841,0.0,7.722019,0.6022921875,-0.183823,228.57064,0.0,25.576964,-0.0161747763542673,91,-4.363508,3.554577,8.82,216.100344,16.497648,0.6787631875,-1.458,4.517546,-4.519292,0.6022921875,-15.9415,-5.747451,-0.076471,8.328712,232.774304,-4.519292,-1.228159,8.328712,-0.0138082497871632,10.264997,-0.018,0.6022921875,-0.0090221713819859,-1.920387,11.276596,1.222578,8.82,-4.519292,0.0,29.188398,-15.9415,-56.534951,0.541367,-3.3132779375,0.0,-18.791263,217.294056
-0.089447,211.895164,8.002787,2016-09-30 00:00:00,-0.2518023915187377,6.156163,256.124144,8.002787,22.362544,0.527741,7.435554,0.527741,-2.249007,2.249007,-13.933838,-3.956666,0.941836,211.895164,-1.882579,7.822543,198.8148,-6.2718123125,6.2718125,0.041917,-38.40582,227.333505,0.0,-4.786127,0.0,8.002787,0.3276753125,0.159251,227.33352,0.0,9.768282,-0.0091228662804381,92,4.183085,7.435554,10.95,221.177344,7.057358,-0.110618703125,-8.112,-6.079705,-13.933838,0.3276753125,-5.944137,-6.069379,0.438294,2.249007,237.220624,-13.933838,7.864459,2.249007,-0.0077100156931959,-0.010326,-0.002,0.3276753125,0.0674641226005405,-1.882579,15.438341,0.941836,10.95,-13.933838,0.0,28.381934,-5.944137,-6.181879,0.473696,-1.847334625,0.0,-19.375682,211.895164
-0.078071,290.54096,7.957035,2016-12-31 00:00:00,1.5584790894653255,75.220912,335.246944,7.957035,20.457933,1.438007,9.099391,1.438007,-71.086384,71.086384,-15.985057,-0.519745,0.681296,290.54096,-2.004039,9.830708,211.918544,0.0,0.0,0.049113,-41.347152,307.597386,0.0,-1.112256,0.0,7.957035,-0.477006,0.171436,307.597408,0.0,-0.105774,-0.0037931189830605,92,1.50413,9.099391,12.99,232.376476,2.350666,-1.836942,-3.778,68.837376,-15.985057,-0.477006,-0.477006,-9.665934,1.359936,71.086384,253.265696,-15.985057,6.319123,71.086384,-0.0032382649371656,78.503312,0.019,-0.477006,0.1462770534940108,-2.004039,17.056426,0.681296,12.99,-15.985057,0.0,30.850248,-0.477006,-9.665934,0.406025,-0.904226625,-0.026972,-27.125448,290.54096
0.116679,294.260384,8.329654,2017-03-31 00:00:00,0.3755841531507579,60.578588,336.090624,8.329654,20.646474,2.502852,18.56121,2.502852,-55.418128,55.418128,-26.537288,4.404501,0.404158,294.260384,-2.841111,12.243793,239.926192,0.0,0.0,0.049116,-44.821172,321.151248,0.0,4.34129,0.0,8.329654,1.279281,0.161693,321.151264,0.0,0.128247,0.0074373373227029,90,3.803565,18.56121,10.82,260.572668,2.459707,-1.34025,-11.283,-15.668253,-26.537288,1.279281,1.279281,-15.520716,2.619531,55.418128,284.74736,-26.537288,11.016572,55.418128,0.0062041915753486,-0.147537,0.03,1.279281,0.2044180263420003,-2.841111,26.890864,0.404158,10.82,-26.537288,0.0,37.001653,1.279281,-15.668253,0.338354,1.7322425,0.0,-37.011297,294.260384
0.047311,296.973576,8.43471,2017-06-30 00:00:00,0.2987454253611555,21.412508,336.893056,8.43471,19.820644,2.621612,24.523864,2.621612,-12.136378,12.136378,-47.561,7.090212,1.265244,296.973576,-2.366149,14.503309,288.699008,0.0,0.0,0.049168,-49.957596,329.93215,0.0,7.086684,0.0,8.43471,1.910763,-0.219313,329.93216,0.0,-0.127009,0.0118254119967635,91,-1.385346,24.523864,13.0,308.519652,1.443233,-0.75816,-31.15,-43.281752,-47.561,1.910763,1.910763,-40.45592,2.668923,12.136378,338.656576,-47.561,7.105076,12.136378,0.0108888023927543,-0.009663,0.038,1.910763,0.1807595770041167,-2.366149,32.958574,1.265244,13.0,-50.377164,0.0,44.400353,1.910763,-40.465587,0.270684,3.0407133125,0.0,-71.719766,296.973576
0.085553,360.268648,8.205194,2017-09-30 00:00:00,0.1966993922760243,49.715496,397.114368,8.205194,18.449101,4.292081,21.639912,4.292081,-40.876152,40.876152,-40.702768,10.854552,1.204358,360.268648,-2.369131,16.64393,321.949152,0.04278825,-0.04278819921875,0.054146,-54.78064,390.113754,0.0,11.026024,0.0,8.205194,3.03097175,0.160355,390.11376,0.0,-0.251775,0.0200782000872155,92,0.206502,21.225912,14.49,340.398252,2.077642,-1.34666225,-25.505,28.739776,-40.702768,3.03097175,3.07376,-30.521818,4.377634,40.876152,376.729792,-40.702768,10.180948,40.876152,0.0186056686491517,59.261592,0.039,3.03097175,0.2578766553332055,-2.369131,29.845106,1.204358,14.49,-40.702768,0.0,53.22174,3.07376,-30.36462,0.203013,5.74400975,0.0,-96.172205,360.268648
0.04154,356.603356,9.055697,2017-12-31 00:00:00,0.0836308471413975,29.123924,397.959008,9.055697,11.367542,6.430699,48.443448,6.430699,-15.006581,15.006581,-38.897224,15.847244,1.28346,356.603356,-2.939496,23.188772,373.611008,-9.575474,9.575474,0.054224,-61.864932,414.102501,0.0,16.138327,0.0,9.055697,5.065539,0.165345,414.102496,0.0,10.623436,0.0348811067978228,92,0.038925,44.475164,13.9,384.97855,11.890327,-1.40670025,-22.511,-25.869572,-38.897224,5.065539,-4.509935,-24.393614,6.472239,15.006581,435.475968,-38.897224,14.503608,15.006581,0.0312776957221266,-0.077437,0.087,5.065539,0.2773195148065624,-2.939496,57.499145,1.28346,13.9,-40.295744,0.0,66.579804,-4.509935,-24.393616,0.135342,11.286555,0.0,-110.892072,356.603356
-0.03553,445.172252,9.447852,2018-03-31 00:00:00,1.987481046065259,61.250676,480.862272,9.447852,8.331642,9.460094,29.581056,9.460094,-47.0361,47.0361,-36.14312,22.804486,0.767363,445.172252,-3.08598,28.416364,414.618816,-0.6246540000000005,0.6246538125,0.060388,-70.34464,484.20116,0.0,22.94336,0.0,9.447852,6.290288,0.166082,484.201152,0.0,0.802049,0.0440812616499118,90,-32.682654,24.822068,14.35,422.950458,4.851477,-3.13427625,-16.672,32.02952,-36.14312,6.290288,5.665634,-49.807284,9.424564,47.0361,484.963456,-36.128382,-13.664164,47.0361,0.0404731181684317,81.822064,0.144,6.290288,0.332910079558384,-3.08598,39.028908,0.767363,14.35,-36.128384,0.0,82.752375,5.665634,-49.792546,0.067671,16.29756175,0.0,-145.178636,445.172252
0.082991,450.891388,9.815977,2018-06-30 00:00:00,0.939821521100812,26.545064,481.8616,9.815977,7.570341,6.995133,42.746096,6.995133,-13.431146,13.431146,-80.634736,27.178007,1.769415,450.891388,-3.151231,27.522456,469.33808,-0.8684254999999999,0.8684256875,0.060388,-79.196696,503.453461,0.0,27.352561,0.0,9.815977,5.5882315,-0.80445,503.453472,0.0,1.147987,0.0534188154587757,91,29.668676,36.887832,12.62,476.908421,3.40938,-1.489892375,-17.369,-33.604956,-80.634736,5.5882315,4.719806,-33.69276,7.078124,13.431146,548.534784,-80.543938,46.941976,13.431146,0.0479370641465534,-0.002993,0.122,5.5882315,0.2541609295333236,-3.151231,52.562073,1.769415,12.62,-80.543936,0.0,95.771522,4.719806,-33.601962,0.565415,19.97503025,0.0,-138.415476,450.891388
-0.035033,474.58876,27.155216,2018-09-30 00:00:00,-0.0333882583312181,17.60286,482.865344,10.155215,6.902718,6.892256,48.910428,6.892256,13.229156,3.770844,-45.382784,29.778182,2.256991,457.58876,-3.205116,29.964404,509.148832,-0.4476525000000002,0.44765271875,0.060491,-90.127256,533.654404,17.0,29.83215,0.0,10.155215,6.1412805,0.129252,533.6544,0.0,0.547342,0.0564532124406703,92,-0.049735,42.48552,9.91,516.05155,2.152077,-0.7159423125,-27.577,-9.660302,-45.382784,6.1412805,5.693628,-26.656252,6.857223,3.770844,599.276096,-45.382784,18.726532,3.770844,0.0499808068725815,16.995948,0.102,6.1412805,0.2300147868784575,-3.205116,76.065644,2.256991,9.91,-45.382784,17.0,109.091996,5.693628,-9.656252,0.494738,23.085339,0.0,-134.54991,457.58876
-0.342471,502.099436,52.555796,2018-12-31 00:00:00,0.0898481720022732,16.844256,494.955328,13.055797,8.21054,-0.367937,51.910432,-0.367937,36.136272,3.363726,-41.366208,22.979546,0.837053,462.599436,-3.425359,23.008432,542.01088,-6.1204451875,6.120445,0.06323,-100.576088,567.065664,39.5,22.649504,0.0,13.055797,-0.9588628125,0.190926,567.065664,0.0,7.73528,0.0416525387037499,92,7.847075,51.910432,5.08,550.22142,7.136379,-0.248454796875,-21.116,-0.407118,-41.366208,-0.9588628125,-7.079308,-23.013234,-0.710408,3.363726,642.586944,-41.366208,18.352976,3.363726,0.0347767868863579,22.606116,0.061,-0.9588628125,-0.0159913982838987,-3.425359,104.466228,0.837053,5.08,-41.366208,39.5,108.911656,-7.079308,-0.513232,0.424061,17.060938,0.0,-133.169528,462.599436
-0.760781,816.318669,357.696544,2019-03-31 00:00:00,3.493906501669613,36.53278,495.789792,16.31879,10.095287,10.235485,92.976744,10.235485,339.188576,2.606769,-55.586872,23.754937,5.984632,474.523342,-6.798017,41.798316,878.568576,-0.2691410000000003,0.26914115625,0.06323,-113.505144,925.19663,341.795327,22.699643,0.0,16.31879,4.538401,0.180452,925.196672,-0.128175,0.44886,0.0332915592667284,90,-13.516483,63.862096,5.87,888.663863,6.148084,-4.936303,-10.182,-0.756957,-55.586872,4.538401,4.26926,-45.756956,9.474704,2.606769,992.073728,-55.586872,9.829915,2.606769,0.021724242689763,45.0,0.047,4.538401,0.2448779276179452,-6.926192,450.673288,5.984632,5.87,-55.586872,341.37776,122.293608,4.26926,-0.756957,0.353384,15.3090501875,0.0,-129.119202,474.523342
-4.258648,877.765602,377.446528,2019-06-30 00:00:00,15.9226313064343,38.611148,524.954912,16.242814,10.801735,17.636416,67.756608,17.636416,351.12288,10.578982,-293.585536,34.39622,6.254675,516.063716,-4.743127,51.334224,911.854016,2.417762999999999,-2.4177635,0.067811,-128.120408,961.266852,361.701886,28.999286,0.0,16.242814,8.924834,-6.569275,961.26688,-0.128175,-1.578182,0.0385657050888269,91,-3.171991,67.258464,3.25,922.655751,2.795952,-4.4529335,-15.837,7.972213,-293.585536,8.924834,11.342597,-268.003712,13.377767,10.578982,1039.9744,-293.585536,25.581828,10.578982,0.0254596758514897,275.975936,0.145,8.924834,0.3435605844553139,-4.871302,445.203136,5.06513,3.25,-293.585536,361.203744,146.105376,11.342597,7.972228,3.592575,18.6456526875,0.0,-363.430154,516.063716
-4.5565,894.443893,383.791424,2019-09-30 00:00:00,0.5663592130686806,33.811328,525.747744,16.534071,9.518576,14.34241,52.255304,14.34241,360.099904,7.599089,-36.093752,41.846374,7.920539,526.744904,-3.745928,50.339104,919.46176,1.4831204999999992,-1.48312075,0.067812,-142.235584,962.791632,367.698989,31.927973,0.0,16.534071,7.3748795,0.328124,962.79168,-0.114112,-1.871937,0.040391286846205,92,2.477122,51.813688,1.64,928.980336,1.726177,-2.41103075,-5.6930000000000005,-2.979893,-36.093752,7.3748795,8.858,-8.917283,9.78591,7.599089,1061.697344,-36.093752,27.176468,7.599089,0.026568617410525,5.93739,0.118,7.3748795,0.2849158777240055,-3.86004,436.046728,5.534473,1.64,-36.093752,367.257376,166.480076,8.858,-2.979894,3.403491,19.8792516875,0.0,-345.691185,526.744904
-16.410098,892.582076,390.403648,2019-12-31 00:00:00,0.4874327027027026,38.70854,526.36928,16.78722,3.214408,17.922018,59.092552,17.922018,359.06752,10.004622,0.0,60.136328,5.794724,523.509938,-4.579634,52.231184,931.0832,4.792922890625,-4.792923,0.067994,-157.074048,973.006138,369.072138,46.284284,-3.781657,22.788396,0.233771109375,4.182032,973.006144,-0.554755,-1.81106,0.0656029338181709,92,14.617345,54.6356,2.64,934.297608,9.839195,-1.278148875,29.6,2.405533,0.0,0.233771109375,5.026694,44.028008,1.51192,10.004622,1088.157184,238.287504,44.028008,10.004622,0.0420056179614191,-3.848388,0.134,0.233771109375,0.3431286949191119,-5.134389,449.4962,5.794724,2.64,-37.774088,367.615264,195.702832,5.026694,282.248781,3.214408,32.345834,-12.133982,-48.909512,523.509938
-0.914365,936.70312,402.617408,2020-03-31 00:00:00,0.0,64.792096,527.043072,16.792356,13.055328,10.081718,40.392892,10.081718,356.183904,12.531388,-24.943186,59.982562,40.233232,567.987848,-3.035895,39.570328,933.15072,37.198478,-37.198476,0.067994,-170.75704,1010.998148,368.715272,33.842952,0.0,35.243448,6.60564,3.584453,1010.998144,-0.289051,-46.958848,0.0506680798493395,91,3.885781,39.051572,0.6587,946.206048,-33.835137,-2.561713,0.0,2.526766,-24.943186,6.60564,43.80412,2.594572,9.167353,12.531388,1103.907712,-24.943186,27.537758,12.531388,0.0272813664111938,-0.067806,0.063,6.60564,0.2547797430438281,-3.324946,443.0103,2.842504,0.6587,-24.943186,367.373952,193.47484,43.80412,2.526766,3.025326,26.411020109375,3.334128,-230.298415,567.987848
-4.253039,811.052088,392.621856,2020-06-30 00:00:00,-1.16426,39.761224,528.257216,16.996356,28.046054,-8.907754,20.38958,-8.907754,359.620384,17.22978,-6.377027,33.438392,13.878637,434.201928,-4.176609,10.636593,779.40608,-127.155165,127.155168,0.067981,-178.095152,847.213364,376.85016,7.30439,0.0,16.996356,-7.844901,-0.186593,847.213376,-0.292207,175.10256,0.0155740558571114,91,-6.99318,19.164924,1.16,807.452134,137.303472,5.315892,22.7,4.698392,-6.377027,-7.844901,-135.000064,-3.728702,-13.160793,17.22978,957.501248,-6.377027,2.648325,17.22978,0.0081833850105079,8.427094,0.012,-7.844901,-0.8374630861592618,-4.468816,413.011436,1.107834,1.16,-6.377027,375.625504,152.777209,-135.000064,4.698392,2.836243,7.399745109375,0.0,33.976595,434.201928
-4.457249,794.290051,377.496384,2020-09-30 00:00:00,-0.3958333690987125,42.792628,528.82304,17.119114,25.367321,6.511161,25.946448,6.511161,343.563104,17.920816,-3.455557,25.607143,12.382491,432.806144,-2.496927,31.466544,768.089024,-3.55664325,3.55664325,0.067983,-188.922144,836.248976,361.483907,-0.427608,0.0,17.119114,1.59504025,0.085785,836.249024,-0.295631,6.540295,0.0012288045760646,92,-0.767712,24.83982,0.68,793.456346,6.619549,-0.4588718125,18.64,0.691037,-3.455557,1.59504025,-1.961603,11.261666,2.053912,17.920816,957.0112,1.044443,14.717223,17.920816,0.0006554052479904,-15.070629,-0.024,1.59504025,0.2069232960569168,-2.792558,403.442832,1.152217,0.68,1.044443,360.37728,133.904649,-1.961603,-3.808963,2.64716,0.589550359375,0.0,54.155544,432.806144
4.549698,609.682392,331.74864,2020-12-31 00:00:00,0.0,20.79989,551.036992,17.117136,2.379348,1.155352,36.941736,1.155352,311.33792,3.578634,-13.554627,8.840477,2.223277,294.765824,-7.164619,31.351672,640.276928,-176.597989,176.597984,0.085568,-200.111664,663.4562,314.916568,19.245462,-0.355049,17.986409,16.343712,0.102501,663.456192,-0.319483,145.41136,0.1614901456655879,92,6.97718,32.50008,0.6599,642.656276,169.370471,10.638662,0.0,-14.342183,-13.554627,16.343712,-160.254272,13.701322,5.70505,3.578634,840.388608,-13.554627,27.255948,3.578634,0.080749473478869,-28.043504,0.039,16.343712,0.0368513679270438,-7.484102,368.690376,1.723371,0.6599,-13.554627,313.76224,113.025136,-160.254272,-33.370267,2.379348,66.071736,9.208523,28.328858,294.765824
-3.741969,584.108954,327.257664,2021-03-31 00:00:00,0.0,24.769564,551.488768,15.025895,4.392642,16.264515,66.936332,16.264515,306.256928,1.70051,-12.157909,15.023274,2.170462,276.15152,-2.912991,39.502532,643.379584,0.0,31.58864,0.099276,-208.174592,670.345516,307.957434,7.120715,0.0,20.303364,12.522546,0.1652,670.345472,-8.498092,25.800158,0.0535845116190457,90,0.489967,41.386224,2.31,645.575905,26.155652,0.0,0.0,-1.878124,-12.157909,12.522546,-19.066092,3.5297750000000008,12.522546,1.70051,851.554176,-10.157909,15.687684,1.70051,0.0269027663765786,-7.388438,0.03,12.522546,0.4117334807804218,-11.411083,394.193996,1.589038,2.31,-10.17737,306.954304,112.957341,-19.066092,-2.019931999999999,2.196321,22.61639725,0.0,24.764061,276.15152
19.18638,563.719741,327.120896,2021-06-30 00:00:00,0.0,27.837284,551.920512,14.99285,2.049096,23.235252,87.879824,23.235252,300.353408,2.670242,-11.002797,47.16628,3.487475,260.696096,-3.757152,47.760104,645.810432,0.0,53.321556,0.099351,-216.589424,675.696816,303.023645,62.70314,0.922532,25.331377,37.434396,-1.346762,675.696832,-7.509278,22.078328,0.195411965220886,91,0.314282,44.128216,2.98,647.859528,22.620747,-4.9872345,0.0,1.049732,-11.002797,37.434396,-15.887159,5.320199000000001,42.421632,2.670242,862.399872,-11.002797,16.322996,2.670242,0.0891657221723738,-4.229025,0.06,37.434396,0.4864991918778066,-11.26643,415.00072,3.487475,2.98,-11.044239,301.789504,150.080852,-15.887159,0.2499110000000008,2.049096,67.89569425,22.840908,33.812962,260.696096
