Non-Operating Income (Loss),StockBased Compensation,Line of Credit Available,Equity Charge,WACC Discount Factor,Other Accrued Liabilities,Operating Leases,Line of Credit,Total Current Liabilities,BALANCE SHEET,Total Liabilities & Equity,Operating Income,NonCash Items,Days in Period,Net Share Repurchases,"Cash, Cash Equivalents & STI",Misc LT Assets,Rental Expense - Years 2 - 5,"Selling, General & Admin",Revenue,ST Debt,-Net Share Repurchases,LTM Basic EPS,Rental Expense - Year 1,ST Capital Leases,Rental Expense Beyond Year 5,Dep & Amort,Work In Process,Total Liabilities / Tangible Assets,Current Liabilities,Other Adjustments,Free Cash Flow (LTM),Deferred Compensation,Other Operating Expenses,Free Cash Flow to Firm,ST Deferred Tax Assets,Cash (Repurchase) of Equity,Free Cash Flow to Equity,Deferred Tax Liabilities,Repayments of LT Debt,Other PostRet Benefits,Effect of Foreign Exchanges,Income (Loss) from Cont Ops,year + weight + convention,Free Cash Flow to Firm Model,Dividends,Net Extraordinary Losses (Gains),Net Cash From Disc Ops (fin),Period Weight,Pretax Income,LT Marketable Securities,ST Borrowings,Dividend Yield (LTM),Free Cash Flow per Share,LT Receivables,Prepaid Expenses,Cash % of Revenue,Diluted - Basic Shares,Diluted EPS,Operating Margin,Operating Expenses,Line of Credit Used,Interest & Dividends Payable,PP&E Gross,EBITDAR,A = L + SE,Inventories,Discontinued Operations NI,PV of Free Cash Flow to Firm,Pensions,Raw Materials,Other Non-Op Income (Loss),Bull,Discounted Residual Income (Bear)
-23.413,4350.433984,3081.15712,2011-03-31 00:00:00,-1.279604510253205,1015.936,1836.867968,66.168,243.200992,27.317,350.472,27.317,2165.135104,1.681,-251.788,202.449,920.120008,2183.617984,-33.959,251.987008,4356.109824,-52.5788,37.2008,1.607,-1434.955008,5615.247104,2166.816,95.347,-73.335,914.341008,3.7698,-1.491,5615.246848,-57.817,108.465,0.0278989068813989,90,-6.143,329.571,58.46,4599.310816,88.568,-0.1342,397.583,-1.167,-251.788,3.7698,-25.033,-111.166,3.904,1.681,5791.065088,-236.591,140.622,1.681,0.0116939175085805,130.04,0.193,3.7698,0.0,-91.776,3431.62912,0.0,58.46,-271.828992,2166.816,899.321024,-33.431,110.030984,38.562,65.82125,1.366,-338.196,2183.617984
-30.349,4032.324992,2712.940032,2011-06-30 00:00:00,-1.5680809701902454,443.888,1850.37696,76.891,256.208008,94.891,352.04,94.891,1498.558976,288.839008,-287.816992,240.394,76.365,2244.926976,-39.12,282.844,4609.810944,16.822047999999995,-9.05905,1.61,-1511.758976,5309.907008,1787.398016,134.909,-6.583,925.542,36.716952,9.146,5309.906944,-11.592,-1.607,0.0367876601169897,91,11.583,328.638992,55.5,4866.018944,31.088,-27.82505,209.361,287.158016,-287.816992,36.716952,51.293,-118.934,64.542,288.839008,6121.569792,-279.604992,168.883008,288.839008,0.0158535206036177,-402.799008,0.181,36.716952,0.0,-50.712,3064.980032,0.0,55.5,521.073984,1787.398016,997.017024,45.776,-504.053952,104.43,87.771052,1.034,-392.354,2244.926976
-44.923,4111.430912,2745.797888,2011-09-30 00:00:00,1.0736988704318935,290.769984,1860.590976,77.633,284.60900000000004,90.157,406.927008,90.157,1735.794048,51.884,-326.095008,268.137,139.114,2323.75296,-35.907,315.414016,4901.099008,48.6578,-6.8198,1.611,-1640.909952,5476.477856,1787.677952,141.092,18.154,958.119992,26.3662,2.298,5476.477952,-26.155,-10.887,0.0360623541790895,92,-36.23,392.249992,58.46,5185.708,11.66,-18.8678,-90.3,-236.955008,-326.095008,26.3662,34.755,-187.255008,45.234,51.884,6542.008832,-309.240008,138.84,51.884,0.0156156866426733,16.455,0.242,26.3662,0.0,-62.062,3152.724896,0.0,58.46,-392.249984,1787.677952,1101.448032,33.186,-170.766008,101.244,88.335152,-10.742,-497.889008,2323.75296
-32.722,4367.387072,2941.117952,2011-12-31 00:00:00,0.531472540987012,315.263008,1868.16704,86.3,319.963,105.931,511.932,105.931,1974.875008,0.092,-345.452,320.611008,173.920992,2392.420032,-32.647,349.478016,5210.244096,20.965352000000003,49.452648,1.613,-1697.132032,5845.469984,1974.96704,173.416992,-11.713,966.150984,46.463648,-14.736,5845.470208,-44.797,75.528,0.0448505385844169,92,-10.179,449.678992,61.94,5530.207104,75.103,-26.74535,-120.343,-73.934,-345.452,46.463648,-2.989,-184.302,73.209,0.092,6907.376128,-331.79,161.15,0.092,0.0184123275628888,169.892,0.302,46.463648,0.0,-77.444,3453.049952,0.0,61.94,-404.976,1974.96704,1210.438016,-2.989,16.360992,104.254,104.556096,1.712,-579.515008,2392.420032
-29.376,4781.349024,3330.320896,2012-03-31 00:00:00,0.7671324229914257,462.879008,1873.511936,87.233,325.480992,75.797,554.534976,75.797,2265.36192,122.898,-378.564992,366.953,216.508,2393.088928,-38.729,314.384992,5489.585152,-31.9096,75.4416,1.622,-1792.259968,6277.9448,2388.260096,215.865,1.727,942.061016,33.6416,16.422,6277.944832,3.0,89.035,0.0587247794468338,91,36.434,460.679,58.14,5815.066144,61.192,-12.7794,-125.96,122.806,-378.564992,33.6416,-41.8,-222.588,46.421,122.898,7281.845248,-368.712992,155.976992,122.898,0.0225983160140239,410.688,0.128,33.6416,0.2410961144099397,-35.729,3884.855872,0.0,58.14,-443.859008,2388.260096,1261.932992,-41.8,200.264,119.71,134.383052,7.829,-690.937008,2393.088928
-55.086,5040.283008,3586.672896,2012-06-30 00:00:00,0.487914659576407,372.343008,1890.465024,91.514,353.892992,49.675,540.499968,49.675,2623.404032,0.158,-404.535008,321.737,251.236,2416.721024,-44.005,315.787008,5817.657856,21.9401,-65.0611,1.624,-1896.290944,6543.893888,2623.561984,145.912,-10.836,963.111,-9.3851,18.106,6543.894016,-23.243,-61.475,0.0378754466231684,91,-15.041,450.041992,61.87,6171.550848,-22.468,-3.9741,-186.547,-122.74,-404.535008,-9.3851,55.676,-277.566016,-5.411,0.158,7713.949184,-398.767008,126.969,0.158,0.014894969182948,226.138,0.057,-9.3851,0.1573053949071901,-67.248,4127.172864,0.0,61.87,-475.847008,2623.561984,1294.876,55.676,-36.798008,120.318,88.281,-12.198,-849.569024,2416.721024
-61.622,5131.696064,3830.14912,2012-09-30 00:00:00,0.7320107719928186,270.535008,1904.875008,116.41,284.816008,60.997,545.744,60.997,2849.718016,0.151,-371.123008,292.577,131.841,2281.827008,-44.497,357.184,6102.368768,-143.22625,53.485248,1.626,-2015.84,6657.720128,2849.869056,100.053,-19.247,980.280024,-0.35075,-4.393,6657.719808,-33.697,131.804,0.0267345482774168,92,4.943,499.145,69.87,6387.184768,102.73,0.27425,-111.4,-0.007,-371.123008,-0.35075,-53.836,-192.946,-0.625,0.151,8118.209024,-354.661008,178.176992,0.151,0.0101471974031845,211.804,0.18,-0.35075,0.170771927074001,-78.194,4375.89312,0.0,69.87,-389.988,2849.869056,1336.645984,-53.836,49.515984,128.301,61.56405,-17.625,-855.260016,2281.827008
-61.277,5235.57696,3916.199936,2012-12-31 00:00:00,5.357513265027855,327.614016,1917.252992,148.646,263.37,131.649,455.143008,131.649,2877.933056,0.252,-349.167008,342.255008,137.552,2357.392,-31.402,418.342016,6137.75104,0.0,-8.1601,1.626,-2091.741056,6728.734944,2878.18496,134.756992,14.625,1038.015016,44.8019,-11.915,6728.735232,-57.277,4.607,0.0354993618408518,92,-50.824,410.278016,62.83,6401.12104,36.349,-25.5701,-25.669,0.101,-349.167008,44.8019,52.962,-163.191008,70.372,0.252,8229.492224,-213.030016,185.976,0.252,0.0134096183496108,32.989,0.289,44.8019,0.3146922732236391,-88.679,4371.342944,0.0,62.83,-218.864,2878.18496,1405.835008,52.962,-8.428992,115.206,84.307648,-16.392,-856.291008,2357.392
-42.592,5193.897056,4001.476096,2013-03-31 00:00:00,5.146994931209269,370.64,1926.24896,150.044,273.644008,73.459,607.662976,73.459,2936.31104,0.194,-260.672,315.78,201.176,2257.391968,-84.058,419.662016,6222.246912,-127.73505,99.877048,1.63,-2022.401024,6866.53104,2936.505088,95.203,-24.556,1064.971024,24.26705,28.567,6866.530816,-20.742,173.163008,0.0255169739761898,90,35.8,577.288992,81.04,6495.890912,125.958008,-6.59995,-9.667,-0.058,-260.672,24.26705,-75.61,-59.423,30.867,0.194,8244.647936,-222.476,201.248992,0.194,0.0090278382476257,39.698,0.298,24.26705,0.1750432424172503,-104.8,4609.139072,0.0,81.04,-241.004992,2936.505088,1510.97504,-75.61,36.772992,139.303008,59.3331,-0.382,-693.126024,2257.391968
-23.305,5334.618048,4040.02304,2013-06-30 00:00:00,-13.664269734232446,273.448,1936.339968,148.116,286.736,128.779,504.376,128.779,2948.550912,0.284,-334.052992,394.884,97.052,2385.782976,-101.987,430.543008,6369.997824,69.23895199999998,-88.401952,1.634,-2116.221056,6930.182016,2948.835072,206.088,11.077,1091.188016,55.581048,-50.879,6930.182144,40.54,-202.652992,0.0517643495976265,91,-80.945,480.697984,77.32,6656.733824,-105.133992,-49.892952,20.168,0.09,-334.052992,55.581048,143.983008,-255.412992,105.474,0.284,8486.218752,-76.180992,78.64,0.284,0.0184501329106336,8.537,0.331,55.581048,0.2991083297304412,-61.447,4544.39904,0.0,77.32,-87.087,2948.835072,1625.73104,143.983008,5.396,124.154,124.299248,21.766,-670.973,2385.782976
-37.37,5458.171072,4186.045952,2013-09-30 00:00:00,-0.0747548179137234,222.732,1946.07104,151.812992,267.85900000000004,121.465,453.583008,121.465,3066.915072,0.255,-317.414016,455.352,58.172,2391.001024,-44.919,469.433984,6542.21824,-51.638152,34.483152,1.634,-2243.030016,7030.629984,3067.170048,290.808,5.735,1118.87596,53.661152,6.762,7030.629888,-20.496,57.464,0.0763183017987853,92,-2.886,443.246,75.89,6807.89824,69.33,-30.43385,-102.067,-0.029,-317.414016,53.661152,19.178,-94.437,84.095,0.255,8785.248256,-301.734016,222.976992,0.255,0.0260529799369614,120.035,0.297,53.661152,0.258747777408463,-65.415,4639.62896,0.0,75.89,-343.040992,3067.170048,1737.981024,19.178,39.242976,120.37,178.31115,6.951,-572.464,2391.001024
-67.919,5554.968128,4389.072896,2013-12-31 00:00:00,-0.8392355694227769,248.300992,1961.270016,229.015008,182.864,130.142,495.560992,130.142,3140.167936,0.348,-253.038,428.284,55.835,2414.452032,-38.74,481.436992,6791.221248,-54.040752000000005,40.543752,1.634,-2360.284928,7299.08592,3140.516096,282.983008,0.906,1248.557032,68.714752,3.762,7299.085824,-58.482,108.462,0.0848454352834975,92,5.261,464.326008,84.31,7050.785248,80.282,6.49175,-76.92,0.093,-253.038,68.714752,28.171,-12.366,62.223,0.348,9151.506432,-249.264,240.672,0.348,0.0288618725876053,71.724,0.385,68.714752,0.2703199009684739,-97.222,4884.633888,0.0,84.31,-312.303008,3140.516096,1800.996992,28.171,64.408,44.597,202.434592,-22.885,-421.639008,2414.452032
-45.401,5684.546976,4484.558848,2014-03-31 00:00:00,-0.0464186782746338,279.344992,1971.586048,235.288992,258.695,161.694,548.534976,161.694,3234.619904,0.246,-229.415008,542.08,40.442,2449.681056,-48.804,511.753984,6944.735232,-43.369752,42.129752,1.638,-2485.043968,7482.77488,3234.86592,368.085,-1.122,1249.693008,74.650752,-32.742,7482.77504,-12.811,70.813,0.1073311175382351,90,-69.746,470.643992,82.97,7203.43024,89.764,-41.642248,-50.54,-0.102,-229.415008,74.650752,32.521,-48.194,116.293,0.246,9429.779456,-229.121008,181.220992,0.246,0.0352083517537365,94.914,0.505,74.650752,0.3159604127283159,-61.615,5033.093824,0.0,82.97,-276.236992,3234.86592,1893.167968,32.521,46.099984,118.987,252.607704,0.0,-410.409992,2449.681056
-45.488,5850.174272,4221.513984,2014-06-30 00:00:00,-0.3730928138545716,247.579008,2379.94112,249.511008,118.971,180.878,558.870016,180.878,2829.708032,0.292,-322.057984,594.179,44.874,3020.174144,-56.345,552.086976,7434.008064,97.03775199999998,-100.083752,1.687,-2421.473024,7800.558144,2830.000128,398.001,5.801,1391.514024,71.305248,-27.009,7800.55808,-24.14,-211.928992,0.0992726719963328,91,24.513,490.868008,86.95,7552.979064,-93.951992,-64.084752,-98.509,0.046,-322.057984,71.305248,171.388992,-61.756,135.39,0.292,9855.480832,-176.211984,260.302,0.292,0.0364315573989718,-23.884,0.398,71.305248,0.3276259137835556,-80.485,4780.384,0.0,86.95,-236.372,2830.000128,2014.711936,171.388992,-341.90992,114.211,268.331904,0.0,-216.753,3020.174144
-39.188,6167.917056,4399.120896,2014-09-30 00:00:00,0.0404310913976994,236.642,2391.177984,253.94,129.168,235.122,466.412,235.122,2998.532096,0.468,-325.304,707.836,46.784,3168.916992,-48.811,553.012992,7668.639744,26.43190399999997,-28.6039,1.687,-2559.11296,8034.449888,2999.000064,509.84,-16.984,1400.120992,117.814096,-6.18,8034.44992,34.755,-142.684992,0.1196006297370554,92,-26.29,461.374992,67.81,7797.807744,-49.162992,-78.119904,-107.541,0.176,-325.304,117.814096,146.418,-111.889,195.934,0.468,10227.75296,-324.318,213.415008,0.468,0.0441398057278715,146.09,0.334,117.814096,0.4251654181752026,-14.056,4865.532896,0.0,67.81,-359.328992,2999.000064,2098.290944,146.418,58.097008,112.134,332.484848,0.0,-234.205,3168.916992
-38.9,6488.252864,4607.49824,2014-12-31 00:00:00,-0.9082108241629728,570.291968,2402.16192,284.993984,40.314,160.364992,639.676992,160.364992,3030.375936,0.448,-335.504992,594.502016,363.048992,3457.428928,-50.56,527.256992,8015.154176,218.62104800000003,-213.614048,1.687,-2680.624896,8704.60416,3030.823936,425.524992,-13.408,1576.673952,70.439952,45.823,8704.60416,2.003,-341.023008,0.0783983849699841,92,60.76,624.610008,53.45,8134.312176,-174.971008,-51.025048,-175.293,-0.02,-335.504992,65.654952,284.054016,-16.09,121.465,0.448,10695.779328,-302.122992,319.415008,0.448,0.0301053069936798,54.083,0.282,65.654952,0.3041495787314282,-48.557,5247.175232,0.0,53.45,-373.518016,3030.823936,1999.902976,284.054016,91.292016,0.0,240.898,0.0,-237.928992,3457.428928
-39.207,6751.456128,4744.125952,2015-03-31 00:00:00,0.7735622667770538,510.639008,2412.937984,294.742016,193.288,80.575,611.305024,80.575,3261.48096,0.519,-358.452,656.939992,358.544,3489.456,-47.993,437.457984,8140.959744,5.643299999999996,-5.6433,1.69,-2674.694912,8844.886976,3262.000128,494.157,-17.041,1482.126,22.0407,-44.409,8844.88704,-3.547,-2.754,0.0932172446568978,90,16.052,471.276,52.04,8334.247744,19.612,-19.3273,-83.343,0.071,-358.452,22.0407,27.684,-147.814,41.368,0.519,10815.654912,-347.792,210.638,0.519,0.0344936090201102,167.092992,0.131,22.0407,0.1841891174627641,-51.54,5355.430976,0.0,52.04,-377.66,3262.000128,2069.814944,27.684,51.846,121.977,281.599996,0.0,-357.767,3489.456
-168.704992,6845.414144,4917.76512,2015-06-30 00:00:00,-57.82232011747429,373.608,2429.86112,297.648,159.351,35.199,506.752,35.199,3463.47904,0.521,-314.288,511.260992,237.167008,3381.414144,-55.964,404.617984,8272.971776,-30.590951999999987,30.59095,1.693,-2821.385984,8805.931264,3464.0,225.261,-32.809,1453.765032,-88.003048,-6.546,8805.931008,4.691,181.747008,0.0367117329992215,91,6.431,415.122,49.38,8432.322784,119.772008,45.502952,2.724,0.002,-314.288,-88.003048,-118.594,-154.784,-133.506,0.521,11094.358016,-310.647,159.504,0.521,0.0147281823812318,167.707008,0.034,-88.003048,0.0869931673625263,-51.273,5424.51712,0.0,49.38,-327.208992,3464.0,1922.345952,-118.594,50.856936,127.697,122.2917,-125.226,-450.795,3381.414144
-42.904,6671.682048,4847.410176,2015-09-30 00:00:00,-3.442925359558865,423.428,2440.768,299.972992,159.847,82.082,465.812,82.082,3586.51008,0.49,-231.364992,358.220992,289.108,3084.681984,-44.9,415.857984,7814.628864,-308.68955,308.689536,1.693,-2970.526976,8397.90416,3587.000064,68.505,-4.429,1260.409984,7.74155,-4.172,8397.903872,39.476,-56.686,0.0023775601948672,92,-18.393,352.328,32.12,7974.475872,-191.466992,-31.43645,35.182,-0.031,-231.364992,7.74155,-300.948,-85.947,39.178,0.49,10785.156096,-230.840992,145.418,0.49,0.0014872067817756,95.676,-0.046,7.74155,0.1973798824552566,-5.424,5313.222176,0.0,32.12,-241.124992,3587.000064,1785.190944,-300.948,20.702,115.78,12.219154,0.0,-424.853,3084.681984
-40.849,5410.960832,3788.653056,2015-12-31 00:00:00,-0.3974453682188763,439.073984,2444.315904,254.59,7.218,119.611,351.72,119.611,2650.831872,0.471,-130.98,314.32,281.544,2759.65792,-29.95,455.892,6380.760064,-367.1694,367.169408,1.693,-2725.588992,6900.030976,2651.302912,147.880992,-4.668,1137.350008,45.3424,22.359,6900.030976,4.791,459.286016,0.0212391924430778,92,-13.219,335.513,24.61,6460.957064,294.970016,-33.4196,74.453,-0.019,-130.98,45.3424,-321.827008,44.862,78.762,0.471,9106.349056,745.096032,175.842,0.471,0.008519641942367,-903.083008,0.088,45.3424,0.2623669641055338,-25.159,4140.373056,0.0,24.61,727.222016,2651.302912,1713.826048,-321.827008,28.937968,0.0,66.472952,0.0,-343.683008,2759.65792
-37.739,5260.409024,3695.571968,2016-03-31 00:00:00,-0.6614460976246411,391.726016,2450.733056,254.114,78.80799999999999,-18.936,338.233984,-18.936,2588.536064,0.529,-107.646,217.956,261.079008,2671.344064,-40.657,353.971008,6234.615808,-51.39744799999999,51.397448,1.698,-2841.20704,6705.150016,2589.06496,-72.241,-9.853,1106.507008,-42.374552,-38.939,6705.149952,-19.927,36.736,-0.0250920819364541,91,-2.932,322.970992,32.38,6313.423808,23.888,14.30045,-49.803,0.058,-107.646,-42.374552,-93.772,-16.861,-56.675,0.529,9075.822592,5.433,90.785,0.529,-0.0099412818168555,-75.834,-0.189,-42.374552,-0.0534959066478122,-60.584,4033.805952,0.0,32.38,-14.893,2589.06496,1630.338976,-93.772,32.218,73.378,-77.29365,0.0,-212.73,2671.344064
-37.758,5031.887968,3575.63904,2016-06-30 00:00:00,0.6352533266695819,145.712,2472.515072,255.863008,77.325,-42.392,339.612992,-42.392,2566.578944,0.382,-134.767008,140.365,43.25,2464.927072,-45.661,362.672992,6157.142016,-178.2781,178.278096,1.701,-2958.963968,6380.179104,2566.960896,-18.885,-0.672,1008.677992,-46.6579,1.387,6380.178944,-32.525,273.219008,-0.0122977775917757,91,-1.359,303.893,43.14,6234.467016,186.321008,33.4921,-32.014,-0.147,-134.767008,-46.6579,-224.936,-52.351,-80.15,0.382,9116.105728,-57.043008,82.416,0.382,-0.0047343924301385,-23.174,-0.186,-46.6579,-0.1168876672239216,-78.186,3915.252032,0.0,43.14,-59.389,2566.960896,1588.393984,-224.936,-2.627008,76.512,-35.948502,0.0,-110.297,2464.927072
-45.967,9287.521944,5404.312064,2016-09-30 00:00:00,1.2153944362316893,379.209984,5515.197952,277.671008,92.66,21.58,462.134016,21.58,3826.16704,0.542,-98.575,79.863,158.34,5460.812952,-40.904,401.764,9224.408064,-25.392631999999995,25.392632,2.471,-3090.88512,11327.259032,3826.708992,-82.45,0.776,1577.603032,-16.578368,-0.362,11327.258624,4.699,-0.466,-0.0141053082241274,92,-43.682,439.785992,38.75,10948.049024,-13.2,7.808632,-29.764,0.16,-98.575,-16.578368,-41.971,-65.939,-24.387,0.542,12315.292672,-97.544,32.636,0.542,-0.0061108160718292,59.979,-0.153,-16.578368,0.0537131251182286,-36.205,5866.44608,0.0,38.75,-92.455,3826.708992,1574.3,-41.971,-0.919008,71.18,-60.26842,0.0,-90.289,5460.812952
-46.749,9181.885136,5171.224064,2016-12-31 00:00:00,0.4465159509034743,281.883008,5526.89408,310.641984,0.26,134.1,702.652992,134.1,3773.202944,0.314,-128.316,93.93,13.278,5408.36808,-43.154,590.257984,9273.209856,-223.366648,223.366656,2.471,-3225.739008,11282.245136,3773.517056,-74.283,17.951,1397.70696,62.657648,-26.849,11282.244608,-16.364,604.230016,-0.0118768593537777,92,-58.415,530.373008,34.36,11000.36192,250.693024,-24.69335,36.581,-0.228,-128.316,62.657648,-160.708992,52.915,87.351,0.314,12498.94912,-126.395,181.231008,0.314,-0.0053109136727074,-39.361,0.093,62.657648,0.2271887947897711,-59.518,5873.877056,0.0,34.36,-142.098,3773.517056,1708.665984,-160.708992,-0.164984,0.055,-48.282248,0.0,-82.236,5408.36808
-47.101,9321.271176,5208.188928,2017-03-31 00:00:00,-3.669271758436945,297.536992,5535.687168,301.687008,93.303,144.762,631.08,144.762,3738.249984,0.545,-188.292,258.05,30.454,5582.476168,-47.496,606.916992,9376.613376,109.759124,-109.759128,2.476,-3289.136128,11421.745096,3738.795008,80.475,5.924,1469.394032,60.351876,-43.381,11421.745152,-9.623,-186.608,0.0144837794669332,90,-20.819,568.096008,29.1,11124.208384,-73.251,-37.309124,-14.075,0.231,-188.292,60.351876,170.111008,37.57,97.661,0.545,12665.749504,-162.239,225.862,0.545,0.0065949800732073,-32.51,0.187,60.351876,0.2385202620921181,-57.119,5839.268928,0.0,29.1,-193.120992,3738.795008,1961.611968,170.111008,27.123,77.512,59.773256,0.0,-27.805,5582.476168
-47.926,9510.480088,5362.452992,2017-06-30 00:00:00,0.4494428152492669,360.614016,5550.060032,301.886016,92.41,72.188,596.992,72.188,3848.06912,0.52,-284.318016,372.63,80.559,5661.891032,-52.322,565.302016,9521.601536,54.340858,-54.340856,2.481,-3436.486912,11621.336024,3848.589056,184.887,-1.162,1513.864056,15.209142,20.515,11621.336064,0.548,-101.714,0.0299355286271582,91,6.485,584.821016,23.17,11260.721536,-43.073,-9.052858,-68.2,-0.025,-284.318016,15.209142,69.55,-98.852,24.262,0.52,12958.089216,-283.083016,185.466,0.52,0.0135144511943513,103.006,0.079,15.209142,0.1276981117293592,-51.774,5959.444992,0.0,23.17,-288.496992,3848.589056,2164.240992,69.55,10.382984,75.54,121.640298,0.0,-74.306,5661.891032
-49.179,9519.441896,5428.893184,2017-09-30 00:00:00,-0.0921115537848605,337.249984,5558.310912,296.736,74.912,66.629,671.366016,66.629,3981.433088,0.529,-303.144,417.679,30.176,5537.479912,-47.17,587.515008,9584.379904,-137.77776899999998,137.777776,2.481,-3591.083008,11637.739112,3981.961984,226.724,-6.392,1446.931024,10.077769,9.368,11637.738496,-13.668,159.13,0.0269671733302191,92,4.353,631.562008,19.57,11300.48896,89.123,-7.3722315,-125.5,0.009,-303.144,10.077769,-127.7,-113.94,17.45,0.529,13175.462912,-302.849,189.204,0.529,0.0129149970474718,120.98,0.033,10.077769,0.1134081667578439,-60.838,6100.2592,0.0,19.57,-310.175008,3981.961984,2349.992,-127.7,18.355,74.4,148.296435,0.0,-122.307,5537.479912
-51.473,9883.078144,5199.095808,2017-12-31 00:00:00,0.4398497612732093,429.233984,5580.213248,286.043008,0.307,111.854,755.473024,111.854,4108.357888,0.448,-378.568992,395.510016,58.607,5774.272256,-81.384,651.062976,9581.403136,188.045232,-188.045232,2.481,-3749.411072,11728.841088,4108.805888,199.831008,11.424,1090.29004,33.139768,26.262,11728.840704,6.202,191.135008,0.0732668013440792,92,-37.188,704.913016,17.06,11299.607136,-131.192984,-27.241232,-113.1,-0.081,-378.568992,33.139768,221.184992,-162.847008,60.381,0.448,13330.813952,-333.683992,215.722,0.448,0.0356052866212588,131.461,0.166,33.139768,0.1718021207214215,-75.182,5954.568832,0.0,17.06,-347.264,4108.805888,2410.797056,221.184992,7.038008,0.034,409.658144,0.0,-338.068992,5774.272256
-52.385,9916.286112,5216.730112,2018-03-31 00:00:00,0.187526467757459,337.947008,5596.167168,293.812992,87.45400000000001,186.435008,678.846016,186.435008,4081.167104,0.527,-308.88,437.106008,12.908,5834.59216,-68.417,765.532992,9663.56992,-44.275264,44.344264,2.492,-3908.649984,11730.168288,4081.693952,236.143,-1.737,1135.036008,93.582264,-41.517,11730.167808,-0.145,35.998,0.0266283670436136,90,54.555,634.116,14.54,11392.220928,97.201,-40.467736,51.95,0.079,-308.88,93.582264,49.238,61.692,134.05,0.527,13572.219904,-308.84,370.572,0.527,0.0131314369799704,-35.073,0.437,93.582264,0.2435362158761147,-68.562,5895.576128,0.0,14.54,-335.42,4081.693952,2569.412992,49.238,32.732,77.23,152.008943,0.0,-313.947008,5834.59216
-53.862,9971.1972,5322.033152,2018-06-30 00:00:00,2.172507739938081,384.872,5610.201088,310.132992,81.696,105.758,740.009024,105.758,4206.74688,0.415,-277.415008,470.676008,0.0,5764.035088,-47.583,745.198976,9718.311936,-117.83154,117.901544,2.494,-4063.008,11826.077264,4207.162112,263.777,-16.859,1114.871,38.06554,43.07,11826.076672,-12.947,143.344992,0.0306085194606527,91,-52.016,632.354,16.73,11441.204992,130.466992,-13.83046,-32.3,-0.112,-277.415008,38.06554,-79.836,-102.472,51.896,0.415,13781.31968,-277.089008,174.943008,0.415,0.0149155340052952,115.166,0.11,38.06554,0.1419191429484733,-60.53,6062.042176,0.0,16.73,-290.220992,4207.162112,2749.309952,-79.836,29.854,78.401,174.865341,0.0,-317.567008,5764.035088
-54.801,9978.188208,5294.98112,2018-09-30 00:00:00,-0.3295137687501273,422.484,5619.866112,303.812992,77.31700000000001,133.442,753.867008,133.442,4160.542976,0.357,-196.488992,537.489008,0.103,5817.288112,-43.669,810.894016,9725.13792,-9.986144000000005,10.055144,2.495,-4030.461952,11866.13624,4160.900096,324.968,1.543,1134.081,58.594144,35.168,11866.135552,-8.522,-7.353,0.0393458880935038,92,-22.882,650.284008,16.99,11443.651968,39.509,-20.046856,49.133,-0.058,-196.488992,58.594144,48.539,32.943,78.641,0.357,13755.599872,-172.515992,229.432,0.357,0.0190080763319107,-48.583,0.193,58.594144,0.1645615794012716,-52.191,6048.848128,0.0,16.99,-180.907008,4160.900096,2972.68896,48.539,8.916008,76.203,223.381716,0.0,-170.684008,5817.288112
-49.161,7896.292096,4893.912064,2018-12-31 00:00:00,-0.724026792328901,602.185024,5630.942208,319.379008,6.608,131.409,754.811008,131.409,3836.315904,0.545,-179.608992,557.043968,87.953,4059.431168,-36.509,880.689024,9032.961024,-1844.410552,1844.876544,2.495,-4164.153088,9708.15424,3836.860928,346.835008,0.087,1057.05104,80.454552,101.572,9708.153856,7.531,1900.416,0.0561286644717098,92,12.119,745.182,9.57,9105.969024,1820.137,-1.793447375,130.933,0.188,-179.608992,80.454552,-1764.422016,36.134,82.248,0.545,13197.114368,120.600992,215.743008,0.545,0.0257476689866734,-326.668992,0.147,80.454552,0.1492115791373823,-28.978,5648.723072,0.0,9.57,111.114,3836.860928,3202.315008,-1764.422016,13.344,1.766,275.97632,0.0,28.297,4059.431168
-51.537,7909.943232,4901.600768,2019-03-31 00:00:00,-11.785230769230768,388.478016,5637.722112,319.079008,83.16300000000001,158.763008,670.8,158.763008,3846.791936,0.488,-190.59,529.372008,6.146,4062.663168,-46.638,834.702016,9163.42272,-78.423568,78.483568,2.512,-4298.423808,9635.063936,3847.280064,320.011,4.057,1069.193008,79.902568,-99.275,9635.063808,-11.086,101.22,0.0519369856555851,90,-0.463,637.074008,11.24,9246.58572,121.02,-27.323432,-6.5,-0.057,-190.59,79.902568,1.419,70.104,107.226,0.488,13461.84704,-190.258,260.694,0.488,0.0240593510633907,-48.792,0.235,79.902568,0.1902032161858346,-57.724,5572.400768,0.0,11.24,-211.959008,3832.408064,3271.484032,1.419,22.436,74.757,257.016804,0.0,36.709,4062.663168
-51.727,8030.2758,4932.424192,2019-06-30 00:00:00,-0.7312049433573635,459.099008,5647.09376,323.668,92.296,57.008,613.630976,57.008,3847.515904,0.507,-190.824992,480.622008,142.591008,4182.2528,-49.441,689.691008,9176.912896,111.2785725,-111.218576,2.514,-4016.265984,9728.307968,3848.023,273.396,-16.162,1100.071976,3.9664275,-26.632,9728.308224,4.469,-153.399008,0.0448242990772358,91,41.817,591.178,6.98,9269.208896,-113.685008,-1.314572625,-22.333,0.019,-190.824992,3.9664275,115.185,-6.003,5.281,0.507,13193.179136,-156.790992,184.822,0.507,0.0206842081159428,-20.849,0.006,3.9664275,0.0826573049941808,-44.972,5546.055168,0.0,6.98,-163.954,3832.352,3215.976064,115.185,28.031008,71.751,222.9176915,0.0,133.178,4182.2528
-46.997,7345.215352,4138.576896,2019-09-30 00:00:00,-0.1395032679738561,412.457984,5655.519232,244.396,92.646,28.057,557.430016,28.057,3186.669056,0.354,-169.743008,375.237008,137.019008,4158.192256,-40.908,627.777024,8349.094912,-9.236999999999998,9.297,2.514,-4140.088064,8854.199168,3187.023096,175.815,-16.01,964.237,-18.284,-29.592,8854.199296,-2.13,56.368,0.0292797022524299,92,-12.008,537.740992,3.82,8441.740912,5.753,0.656,-76.5,-0.153,-169.743008,-18.284,-27.581,-65.828,-18.94,0.354,12489.183232,580.418016,103.915,0.354,0.0140962536147523,-678.158016,-0.113,-18.284,0.0446926200344662,-43.038,4696.006912,0.0,3.82,574.089984,3174.340096,3032.859072,-27.581,27.058968,72.818,146.0395475,0.0,34.407,4158.192256
-44.024,5589.349248,3698.371072,2019-12-31 00:00:00,-1.2974888495142665,427.801984,5662.34624,259.151008,4.538,62.976,566.544,62.976,3241.315072,0.546,-137.280992,306.777984,154.356,2347.488256,-34.209,637.148032,6108.463104,-1742.6584999999998,1742.348544,2.514,-4269.410048,6612.403328,3241.860992,112.493,-5.462,484.366008,-62.9715,-0.304,6612.4032,-21.098,1228.482048,0.0095254801818465,92,-26.807,523.175992,4.85,6184.601104,738.03604,-81.923504,16.367,0.192,-137.280992,-62.9715,-1805.319936,-4.869,18.952,0.546,10377.873408,-136.870992,132.412,0.546,0.0037393934404686,26.479,0.031,-62.9715,0.0988404528258827,-55.307,4264.915072,17.508,4.85,-158.699008,3214.004992,2789.317888,-1805.319936,39.382992,3.832,30.514492,0.0,-6.596,2347.488256
-47.518,5698.385152,3624.924928,2020-03-31 00:00:00,-0.8568305271936348,467.116992,5666.912256,137.091008,70.748,46.343,490.124992,46.343,3223.26912,0.528,-130.858,194.384,257.347008,2474.58816,-42.254,560.673984,6051.772928,170.0896015,-170.016608,2.556,-4349.44,6589.63808,3223.796992,4.118,-12.012,401.128016,-3.8216015,-89.287,6589.638144,-10.648,-260.798,-0.0248149168298275,91,9.286,487.732,2.28,6122.520928,-230.961,-2.6466015,-44.367,-0.018,-130.858,-3.8216015,166.195008,-6.352,-1.175,0.528,10401.21344,-129.799,124.506,0.528,-0.0099984177509037,15.341,0.006,-3.8216015,0.0826558772521894,-52.902,4115.04992,0.0,2.28,-139.864992,3223.796992,2515.290048,166.195008,44.607928,64.54,-81.110674,0.0,-83.052,2474.58816
-48.624,5595.386992,3586.141952,2020-06-30 00:00:00,-0.0006259037834803,331.839008,5675.155968,149.68,70.65599999999999,-7.378,530.252992,-7.378,3259.00288,0.568,-125.066,129.998,143.252,2335.815936,-37.512,502.348992,6049.716224,-121.853568,121.924568,2.56,-4449.552896,6452.21088,3259.571056,-57.165,1.957,385.905,-45.658432,43.434,6452.2112,-20.602,124.503,-0.0401148066383324,91,16.842,463.219984,5.63,6120.372224,124.877,10.343567,-46.333,0.04,-125.066,-45.658432,-167.583008,-46.304,-56.002,0.568,10499.268608,-125.054,78.762,0.568,-0.0161596213414613,45.772,-0.172,-45.658432,-0.0146870007056767,-58.114,4116.394944,0.0,5.63,-124.494,3200.237056,2327.948032,-167.583008,-2.175008,67.672,-130.7355335,0.0,-123.353,2335.815936
-47.999,4782.20824,3720.27392,2020-09-30 00:00:00,-8.41696,209.147008,5681.759232,482.155008,84.588,19.597,630.12,19.597,3119.186944,0.517,-68.418,134.461,25.932,1662.504192,-38.072,509.848992,5719.16288,-657.3425119999999,657.41248,2.562,-4051.132928,6012.898112,3119.704048,-53.704,-14.318,645.904008,-22.635488,-34.676,6012.897792,-14.243,721.536,-0.0152155854185509,92,-73.92,426.61,6.62,5803.75088,631.552,5.766512,12.5,-0.051,-68.418,-22.635488,-680.048,-92.712,-28.402,0.517,9770.29632,176.594,-24.294,0.517,-0.0059571349723333,-149.422,-0.025,-22.635488,0.03843687112752,-52.315,4350.39392,20.668,6.62,173.664992,3074.370048,2210.02,-680.048,16.647968,69.526,-44.282652,0.0,-150.237,1662.504192
-48.526,4790.971336,3792.560128,2020-12-31 00:00:00,-4.12247191011236,289.84,5686.831104,482.659008,16.745,41.738,706.841024,41.738,3152.97792,0.458,-84.148,111.203,36.74,1637.535232,-30.728,530.743008,5754.550784,-31.3811675,-37.059832,2.563,-4140.022016,6136.936384,3153.436104,-81.464,7.617,709.153016,1.3411675,33.781,6136.935936,-22.051,-116.243,-0.1084044160093041,92,-6.093,510.823,6.7,5847.095784,-33.153,8.1291675,-1.78,-0.059,-84.148,1.3411675,38.401,5.558,-6.788,0.458,9894.573056,-84.104,89.706,0.458,-0.0338836499203467,3.623,0.055,1.3411675,0.0786406968549268,-52.779,4499.401152,13.408,6.7,-93.388,3083.407104,2103.614976,38.401,1.602,0.065,-215.997072,0.0,-139.81,1637.535232
-38.394,4802.468072,3815.37792,2021-03-31 00:00:00,-0.7745506149479661,308.632,5686.024192,471.364992,100.597,105.794,695.433984,105.794,3138.17088,0.449,-99.72,159.751,21.692,1663.848192,-38.004,626.032,5765.430784,0.0,25.439342,2.596,-4227.038976,6174.660096,3138.61988,-23.792,-18.861,722.134992,52.59034,-78.735,6174.660096,-24.911,38.484,-0.0069409854076617,90,-77.341,516.917,10.33,5866.027784,71.059,-14.809659,42.28,-0.009,-99.72,52.59034,27.151,9.531999999999996,67.4,0.449,9992.469504,-99.712,109.252,0.449,-0.0017722400851705,3.139,0.222,52.59034,0.1689913614639507,-62.915,4510.811904,13.581,10.33,-112.4,3093.24288,2168.972992,27.151,31.54,79.355,-11.3107005,18.484,-123.926,1663.848192
-57.287,4592.687872,3780.252928,2021-06-30 00:00:00,3.87884115942029,339.712,5701.837824,433.448992,100.205,92.83,925.918976,92.83,3068.963072,0.464,-106.855,259.959,39.658,1523.260928,-40.124,644.092032,5789.515776,0.0,173.717136,2.598,-4316.389888,6229.432832,3069.426944,67.753,-6.651,710.825992,17.24514,33.817,6229.432832,-40.489,195.152,0.0251568763435702,91,3.646,580.003,16.76,5889.720832,236.38,-18.29786,13.8,0.015,-106.855,17.24514,-156.472,67.328008,35.543,0.464,10105.906176,-106.668,174.183008,0.464,0.0076553417486746,-68.043,0.255,17.24514,0.144125366233377,-80.613,4706.171904,13.793,16.76,-106.125,3069.426944,2310.716032,-156.472,1.190999999999974,78.722,48.5411595,0.0,-10.294,1523.260928
