Non-Operating Income (Loss),StockBased Compensation,Line of Credit Available,Equity Charge,WACC Discount Factor,Other Accrued Liabilities,Operating Leases,Line of Credit,Total Current Liabilities,BALANCE SHEET,Total Liabilities & Equity,Operating Income,NonCash Items,Days in Period,Net Share Repurchases,"Cash, Cash Equivalents & STI",Misc LT Assets,Rental Expense - Years 2 - 5,"Selling, General & Admin",Revenue,ST Debt,-Net Share Repurchases,LTM Basic EPS,Rental Expense - Year 1,ST Capital Leases,Rental Expense Beyond Year 5,Dep & Amort,Work In Process,Total Liabilities / Tangible Assets,Current Liabilities,Other Adjustments,Free Cash Flow (LTM),Deferred Compensation,Other Operating Expenses,Free Cash Flow to Firm,ST Deferred Tax Assets,Cash (Repurchase) of Equity,Free Cash Flow to Equity,Deferred Tax Liabilities,Repayments of LT Debt,Other PostRet Benefits,Effect of Foreign Exchanges,Income (Loss) from Cont Ops,year + weight + convention,Free Cash Flow to Firm Model,Dividends,Net Extraordinary Losses (Gains),Net Cash From Disc Ops (fin),Period Weight,Pretax Income,LT Marketable Securities,ST Borrowings,Dividend Yield (LTM),Free Cash Flow per Share,LT Receivables,Prepaid Expenses,Cash % of Revenue,Diluted - Basic Shares,Diluted EPS,Operating Margin,Operating Expenses,Line of Credit Used,Interest & Dividends Payable,PP&E Gross,EBITDAR,A = L + SE,Inventories,Discontinued Operations NI,PV of Free Cash Flow to Firm,Pensions,Raw Materials,Other Non-Op Income (Loss),Bull,Discounted Residual Income (Bear)
-8.388,1375.567984,715.036032,2011-03-31 00:00:00,0.0,108.07,713.500992,79.314,12.34,40.881,154.342,40.881,451.920992,19.764,-131.911,117.479,22.863,903.882992,-10.443,144.078,1652.850944,-0.161999999999999,0.0,0.429,-2431.611904,1773.261024,471.684992,83.98,0.0,243.350992,20.249,-3.895,1773.261056,0.0,-7.453,0.0655196599876694,90,-17.507,150.041,0.0,1665.190944,6.053,-12.244,0.0,-66.603,-131.911,20.249,20.181,-70.096,32.493,19.764,4084.463104,-131.898,61.815,19.764,0.0323835271076456,-1.52,0.0,20.249,0.0,-10.443,869.378032,20.253,0.0,-126.898,471.684992,472.661,20.249,-70.083,12.34,52.484,0.0,-160.714,903.882992
-8.622,1421.944992,733.659008,2011-06-30 00:00:00,0.0,100.596,718.374016,81.429,12.613,50.494,142.540992,50.494,439.448,32.298,-112.887,140.691,18.152,950.199008,-10.866,157.428,1713.190016,14.599999999999998,0.0,0.429,-2487.81312,1826.399008,471.745984,106.784,0.0,261.913,26.682,4.411,1826.398976,0.0,4.512,0.0801479024305627,91,19.705,138.535,0.0,1725.803016,23.022,-15.19,0.0,12.534,-112.887,26.682,41.028,12.275,41.872,32.298,4201.003008,-112.849,125.162,32.298,0.0399090609180317,0.221,0.0,26.682,0.0,-10.866,876.2,14.842,0.0,-112.849,471.745984,523.189,26.682,12.313,12.613,66.653,0.0,-152.42,950.199008
-8.439,1443.301952,765.398016,2011-09-30 00:00:00,0.0,76.637,722.931968,101.458,12.222,35.834,187.576992,35.834,455.809984,15.999,-123.956,153.206,15.538,971.49296,-11.378,142.532,1835.60896,-0.2410000000000032,0.0,0.43,-2540.61312,1924.467968,471.808992,119.124,0.0,293.589008,17.007,6.54,1924.467968,0.0,5.013,0.0875191227462267,92,11.552,183.567,0.0,1847.83096,18.61,-10.388,0.0,-16.299,-123.956,17.007,16.976,-22.414,27.395,15.999,4376.222208,-117.923,101.542,15.999,0.0427822740298556,0.082,0.0,17.007,0.0,-11.378,952.975008,10.712,0.0,-117.923,471.808992,560.075,17.007,-16.381,12.222,74.257,0.0,-140.261,971.49296
-10.117,1716.283968,1004.166016,2011-12-31 00:00:00,0.0,332.119008,727.385984,77.824,16.552,43.461,215.762,43.461,468.079008,251.696,-136.578,170.67,12.063,996.508992,-12.675,155.092992,1867.766016,0.0,0.0,0.43,-2599.078912,2216.437008,719.774976,135.104,-4.327,284.391008,20.672,4.454,2216.436992,0.0,4.641,0.0884741264359854,92,-14.865,207.269,0.0,1884.318016,20.648,-12.672,0.0,235.696992,-136.578,20.672,20.636,-52.041,33.344,251.696,4466.845184,-92.378,84.537,251.696,0.0427285140931921,243.538,0.0,20.672,0.0,-12.675,1219.928016,5.46,0.0,-92.378,719.774976,599.131008,20.672,240.049,16.552,84.61,0.0,-132.276,996.508992
-13.465,1725.518016,1005.305024,2012-03-31 00:00:00,0.0,200.024992,734.025024,80.405,15.752,19.347,192.676992,19.347,593.086016,126.789,-187.915008,149.136,12.037,1005.643008,-11.883,135.878,1987.847936,0.5219999999999998,0.0,0.433,-2660.838912,2203.625024,719.875008,108.493,0.0,285.429992,3.57,-8.507,2203.62496,0.0,-1.777,0.0711495941924854,91,-5.314,186.228992,0.0,2003.599936,4.164,-2.312,0.0,-124.907,-187.915008,3.57,3.57,-124.132,5.882,126.789,4648.687104,-187.383008,63.783,126.789,0.0341629102401711,-1.307,0.0,3.57,0.142385080734188,-11.883,1197.982016,9.437,0.0,-187.383008,719.875008,590.930992,3.57,-123.600008,15.752,67.931,0.0,-186.312,1005.643008
-13.319,1733.664032,1010.076992,2012-06-30 00:00:00,0.0,97.793,739.352,81.66,15.29,18.434,212.256992,18.434,688.305984,31.671,-187.086,117.076,14.244,1013.687008,-12.19,134.756992,2122.937984,-0.2610000000000001,0.0,0.434,-2722.54592,2236.020992,719.977024,71.736,0.0,290.1,3.028,9.859,2236.020992,0.0,2.774,0.0450912116479982,91,19.167,208.993,0.0,2138.227984,8.413,-2.087,0.0,-95.118,-187.086,3.028,3.028,-95.19,5.115,31.671,4845.484032,-187.086,91.896,31.671,0.0217983371235733,0.072,0.0,3.028,0.1367943861495513,-12.19,1222.333984,10.041,0.0,-187.086,719.977024,568.259984,3.028,-95.19,15.29,44.277,0.0,-293.777,1013.687008
-13.762,1844.080992,1123.596032,2012-09-30 00:00:00,0.0,62.381,744.110976,87.999,14.803,19.306,196.531008,19.306,821.070976,1.65,-200.719008,100.548,10.737,1021.359968,-11.952,128.75,2264.303104,-0.1129999999999999,0.0,0.434,-2781.965056,2341.487008,822.721024,49.885,0.0,300.875,3.122,-5.094,2341.487104,0.0,1.885,0.0305009964087023,92,-3.21,193.809,0.0,2279.106104,9.106,-2.422,0.0,-30.021,-200.719008,3.122,3.122,-132.714,5.544,1.65,5046.267904,-200.719008,68.005,1.65,0.0142486263859086,102.693,0.0,3.122,0.1499495145631068,-11.952,1320.12704,5.873,0.0,-200.719008,822.721024,554.477984,3.122,-30.074008,14.803,30.392,0.0,-404.077,1021.359968
-16.757,1953.793984,1229.72096,2012-12-31 00:00:00,0.0,80.537,748.302976,89.544,18.504,36.794,177.48,36.794,916.764032,0.17,-182.039008,93.881,13.049,1036.859968,-10.753,157.904992,2345.019904,0.1129999999999995,0.0,0.435,-2847.772928,2444.060928,916.934016,36.578,-4.712,312.787008,11.219,10.625,2444.060928,0.0,3.215,0.0205953768469053,92,-0.525,169.93,0.0,2363.523904,14.688,-8.818,0.0,-1.48,-182.044,11.219,11.219,-91.117,20.037,0.17,5192.793088,-182.039,90.922,0.17,0.0089857351550969,89.637,0.0,11.219,0.2330135325930671,-10.753,1407.20096,7.37,0.0,-182.039008,916.934016,557.289984,11.219,3.142992,18.504,20.939,0.0,-443.148992,1036.859968
-16.802,2035.454016,1303.046016,2013-03-31 00:00:00,0.0,84.299,751.136,89.592,17.93,28.388,179.867008,28.388,986.92,0.248,-132.981,102.922,10.842,1048.286016,-12.725,146.236992,2428.969984,0.0,0.0,0.439,-2908.30208,2531.19904,987.168,42.282,0.0,315.878,7.209,-5.218,2531.198976,0.0,-2.089,0.0239326673052554,90,-10.409,172.756992,0.0,2446.899984,5.303,-4.377,0.0,0.078,-132.981,7.209,7.209,-70.758,11.586,0.248,5337.271808,-131.982,62.223,0.248,0.0103818010266981,69.837,0.0,7.209,0.1941232489245949,-12.725,1482.913024,8.085,0.0,-131.982,987.168,567.648976,7.209,0.541,17.93,24.578,0.0,-389.779,1048.286016
-17.0,2097.025024,1347.046016,2013-06-30 00:00:00,0.0,88.839,755.742016,78.994,17.988,28.015,223.282,28.015,1026.097024,11.338,-132.336,112.503,12.984,1059.590016,-11.191,142.466,2523.090944,-8.881784197001252e-16,0.0,0.439,-2968.161024,2629.918032,1037.435008,48.182,0.0,309.610992,6.722,8.721,2629.917952,0.0,-0.681,0.0272727664202388,91,14.513,214.647992,0.0,2541.078944,6.615,-4.293,0.0,11.09,-132.336,6.722,6.722,-45.028,11.015,11.338,5491.252224,-126.494,87.308,11.338,0.011620367754454,50.276,0.0,6.722,0.1966434096556371,-11.191,1570.328016,10.169,0.0,-126.494,1037.435008,575.357984,6.722,11.114,17.988,28.272,0.0,-339.617,1059.590016
-17.495,2192.485024,1437.905024,2013-09-30 00:00:00,0.0,80.858,759.409984,78.881,17.411,30.479,160.767008,30.479,1120.305024,0.097,-170.404992,123.676,11.947,1072.082976,-11.146,150.932992,2572.485888,0.0,0.0,0.439,-3034.614016,2670.755008,1120.402048,55.622,0.0,317.503,7.359,-9.38,2670.755072,0.0,3.409,0.031057927891633,92,-13.274,152.771,0.0,2589.896888,12.41,-5.625,0.0,-11.241,-170.404992,7.359,7.359,-94.329,12.984,0.097,5607.099904,-170.255992,76.076,0.097,0.0129718392920685,82.939,0.0,7.359,0.20193729413381,-11.146,1598.672032,7.623,0.0,-170.256,1120.402048,597.540976,7.359,-11.179928,17.411,32.509,0.0,-301.232,1072.082976
-18.085,2207.718016,1457.122048,2013-12-31 00:00:00,0.0,92.489,762.681024,73.549,17.199,28.212,176.032992,28.212,1139.090944,3.277,-104.646,116.528,18.315,1065.350016,-10.74,146.008992,2588.816896,-48.04215,48.042152,0.439,-3125.282048,2698.505056,1142.368,47.146,0.0,314.753992,6.19315,7.174,2698.50496,0.0,63.34,0.0262181230321851,92,8.976,165.043,0.0,2606.015896,52.47,-3.93385,0.0,3.18,-104.646,6.19315,-41.849,-18.806,10.127,3.277,5714.0992,-104.645,85.84,3.277,0.0107176069690446,21.985,0.0,6.19315,0.1932209764176715,-10.74,1633.15504,4.3,0.0,-104.645,1142.368,584.401024,-41.849,3.195,17.199,27.558,0.0,-228.920992,1065.350016
-18.449,2218.684,1473.6,2014-03-31 00:00:00,0.0,88.826,764.499968,74.334,15.585,30.156,164.024992,30.156,1174.945024,0.091,-105.589,116.862,15.653,1043.647968,-10.526,144.18,2576.861952,0.0,0.0,0.442,-3236.44288,2681.27296,1175.036032,45.833,0.0,298.564,5.442,-2.133,2681.273088,0.0,-1.476,0.0245860052914556,90,-4.967,150.855,0.0,2592.446952,6.573,-6.265,0.0,-3.186,-105.589,5.442,5.442,-35.89,11.707,0.091,5813.304832,-105.554,69.699,0.091,0.0098671607959719,32.669,0.0,5.442,0.2091552226383687,-10.526,1637.624992,10.081,0.0,-105.554,1175.036032,583.587984,5.442,-3.155,15.585,25.71615,0.0,-194.053,1043.647968
-18.649,2232.764064,1483.065984,2014-06-30 00:00:00,0.0,95.041,767.318016,75.658,15.03,32.308,187.007008,32.308,1177.73696,0.564,-103.39,123.503,25.862,1054.463008,-12.412,155.720992,2614.465024,0.0,0.0,0.443,-3308.992,2724.536,1178.301056,50.825,0.0,304.765008,8.038,6.182,2724.536064,0.0,2.192,0.0269909502515864,91,10.649,172.798,0.0,2629.495024,9.712,-5.621,0.0,0.473,-103.39,8.038,8.038,-2.786,13.659,0.564,5923.457024,-103.39,100.604,0.564,0.0106566047312189,3.259,0.0,8.038,0.2074736333557392,-12.412,1670.072992,20.833,0.0,-103.39,1178.301056,598.411968,8.038,0.514,15.03,28.53015,0.0,-151.811,1054.463008
-18.197,2169.617984,1409.744,2014-09-30 00:00:00,0.0,124.182,770.105984,76.786,14.235,23.672,175.066,23.672,1070.227968,9.041,-107.993,114.302,51.756,1090.348992,-10.981,138.794,2536.741888,-4.440892098500626e-16,0.0,0.443,-3326.907904,2675.158992,1079.268992,40.922,0.0,330.474992,2.474,-5.379,2675.15904,0.0,3.494,0.0204567360521003,92,6.648,161.377,0.0,2550.976888,6.75,-3.001,0.0,8.477,-107.993,2.474,2.474,-26.121,5.475,9.041,5863.649792,37.507,81.872,9.041,0.0082747868883083,-99.058,0.0,2.474,0.1705549231234779,-10.981,1584.81,41.363,0.0,25.663,1079.268992,584.204976,2.474,20.379,14.235,22.11815,0.0,-83.603,1090.348992
-17.912,1868.912016,1230.050048,2014-12-31 00:00:00,0.0,64.669,772.416,69.14,13.641,0.895,148.919008,0.895,1074.128,0.406,-69.864,85.133,15.812,794.378,-6.064,110.488,2095.037056,-287.29999999999995,287.3,0.444,-3839.11808,2173.347056,1074.534016,11.926,0.0,155.516,-10.87,2.38,2173.347072,0.0,437.16,0.0041651251867789,92,9.632,131.094,0.0,2108.678056,275.034,6.147,0.0,-8.635,-69.864,-10.87,-298.169984,-15.668,-17.017,0.406,5934.154752,-69.864,54.196,0.406,0.0015899497663561,-4.811,0.0,-10.87,0.0081004271957135,-6.064,1378.969056,5.669,0.0,-58.02,1074.534016,549.456,-298.169984,-20.368,13.641,3.873,0.0,-79.965,794.378
-18.228,1443.634976,1200.635008,2015-03-31 00:00:00,0.0,60.936,772.070016,72.813,13.039,-35.771,110.286,-35.771,1123.890048,0.311,-49.173,21.104,10.985,319.434016,-12.556,68.337,1556.380032,-440.533,440.532992,0.446,-4402.46016,1630.355024,1124.20096,-51.882,0.0,76.434,-36.544,-17.966,1630.354944,0.0,504.307008,-0.0541449456938901,90,-10.086,99.884,0.0,1569.419032,425.695008,17.455,0.0,-0.095,-49.173,-36.544,-477.076992,-49.943,-53.999,0.311,5958.839808,-49.173,-0.77,0.311,-0.0171174320818591,49.848,0.0,-36.544,-0.5234499612215929,-12.556,1310.921008,8.006,0.0,-49.173,1124.20096,473.339992,-477.076992,-0.243,13.039,-36.902,0.0,-94.518,319.434016
-18.741,1177.435072,1224.964992,2015-06-30 00:00:00,0.0,45.312,773.769024,75.288,14.144,-14.264,93.793,-14.264,1149.090048,0.075,-55.824,-25.468,5.827,28.270016,-10.29,66.169,1287.571968,-260.504,260.504,0.447,-4704.507904,1347.028008,1149.165056,-98.546,0.0,75.8,-32.363,14.077,1347.027968,0.0,265.118,-0.1427923565394085,91,15.238,80.855,0.0,1301.715968,265.75,0.642,0.0,0.335,-55.824,-32.363,-292.867008,-25.615,-33.005,0.075,5992.079872,-54.878,30.209,0.075,-0.0379721401370312,25.004,0.0,-32.363,-0.2155692242590941,-10.29,1318.757992,5.315,0.0,-54.878,1149.165056,383.788,-292.867008,0.331,14.144,-77.303,0.0,-117.347,28.270016
-19.438,854.321984,1254.091008,2015-09-30 00:00:00,0.0,48.231,775.276992,74.959,13.471,-13.628,94.997,-13.628,1171.810048,7.322,-21.755,-62.768,4.299,-324.810048,-8.679,60.116,962.576,-321.52199999999993,321.521984,0.447,-5061.058048,1024.27796,1179.132032,-137.087,-0.571,74.959,-33.066,-8.935,1024.278016,0.0,322.952992,0.0,92,-6.135,82.408,0.0,976.047,324.087992,0.0,0.0,6.676,-21.755,-33.066,-354.588,-22.784,-33.066,7.322,6023.63392,-21.724,-1.029,7.322,-0.0610054980213724,29.429,0.0,-33.066,-0.2266950562246323,-8.679,1349.088008,4.299,0.0,-21.724,1179.132032,305.11,-354.588,7.247,13.471,-112.843,0.0,-114.01,-324.810048
0.0,0.0,0.0,2015-12-31 00:00:00,0.0,0.0,0.0,0.0,0.0,0.0,0.0,0.0,0.0,0.0,0.0,-89.993,0.0,0.0,0.0,50.099,0.0,0.0,501.145984,0.0,0.0,0.0,0.0,-165.863008,0.0,0.0,-28.293,0.0,0.0,0.0,0.0,0.0,92,0.0,0.0,0.0,0.0,0.0,0.0,0.0,0.0,0.0,-28.293,0.0,0.0,0.0,0.0,0.0,0.0,0.0,0.0,0.0,0.0,0.0,-28.293,0.0,0.0,0.0,0.0,0.0,0.0,0.0,244.720992,-529.439008,0.0,0.0,-149.703744,0.0,-97.414,0.0
-8.066,-620.21808,976.270976,2016-03-31 00:00:00,0.0,40.417,777.718976,976.270976,5.751,-12.076,417.120992,-12.076,322.118016,17.782,-36.595,-72.3185,4.098,-960.11808,-8.118,34.272,387.105984,-57.304648,57.304648,0.45,-5673.014784,433.273888,339.9,-136.385256,0.0,976.270976,-50.998352,5.17,433.273984,0.0,86.996,0.0,91,8.337,70.777,0.0,392.856984,87.766,-30.85635,0.0,-11.678,-36.595,-50.998352,-108.303,-31.55,-20.142,17.782,6060.121088,-31.719,5.045,17.782,-0.1402581152419278,14.996,0.0,-50.998352,-0.3523576097105509,-8.118,1393.391968,0.598,0.0,-31.719,0.0,210.656,-108.303,0.0,5.751,-144.720352,0.0,-89.1205,-960.11808
-9.538,333.989008,307.792,2016-06-30 00:00:00,0.0,30.421,229.59,53.792,9.841,-12.949,67.774,-12.949,249.706,4.294,-8.811,-54.644,4.078,79.989008,-5.355,29.163,415.292992,541.31936,-541.31936,0.1,-146.83,455.555008,254.0,-106.907504,-6.984,53.792,268.99264,-22.021,455.555008,0.0,-840.441984,2.893713285277724,91,-17.283,58.194,25.5,425.133992,-840.134984,291.479648,0.0,-13.488,-8.811,268.99264,810.312,-39.389,-22.487,4.294,562.123008,34.974,-30.578,4.294,0.1737898228103536,-17.884,0.0,268.99264,-0.4440215341357199,-5.355,375.566,0.778,25.5,34.974,254.0,173.65,810.312,-6.504,9.841,156.635288,0.0,-80.827,79.989008
-6.808,337.324,312.289984,2016-09-30 00:00:00,0.0,27.037,232.531008,58.29,9.203,4.835,49.834,4.835,251.552992,2.447,-15.918,-36.9695,3.247,83.324,-11.691,47.959,409.208,1.53855,-1.53855,0.1,-160.116992,445.447984,254.0,-77.429752,0.0,58.29,-1.14455,-3.113,445.448,0.0,-1.323,0.0,92,-1.823,39.393,31.0,418.411,1.618,0.82845,0.0,-1.847,-15.918,-1.14455,0.395,-2.441,-1.973,2.447,569.324992,-15.324,13.477,2.447,0.2565876033319124,0.0,0.0,-1.14455,0.1008152797180925,-11.691,362.123984,3.247,31.0,-15.324,254.0,161.493,0.394,-1.847,9.203,188.556738,-0.928,-72.5335,83.324
-2.573,274.054992,222.12,2016-12-31 00:00:00,0.0,21.479,233.018,24.12,8.625,-1.737,79.124,-1.737,197.696992,0.303,-8.877,-19.295,3.686,76.054992,-6.619,30.293,347.195008,-1.8005000000000004,1.8005,0.101,-169.879008,377.298992,198.0,-47.952,0.0,24.12,-5.2795,0.537,377.299008,0.0,12.116,0.0,92,2.68,69.932,33.7,355.820008,12.602,-0.9695,0.0,-2.144,-8.877,-5.2795,-7.08,9.14,-4.31,0.303,517.073984,36.514,18.017,0.303,0.0,-56.675,0.0,-5.2795,-0.0573399795332255,-6.619,301.244,1.686,33.7,36.514,198.0,144.319008,-7.08,-1.469,8.625,212.194256,2.6,-64.24,76.054992
-3.749,306.382016,195.623008,2017-03-31 00:00:00,0.0,23.339,273.902016,23.623,8.394,10.523,71.894,10.523,171.832,0.168,-25.417,0.672,3.282,134.382016,-9.834,42.412,370.166016,7.108400000000001,-7.1084,0.115,-179.551008,401.899024,172.0,-21.996,0.0,23.623,10.6016,-3.79,401.899008,0.0,-11.46,0.0,90,-5.732,60.821,27.5,378.560016,-9.957,3.8276,0.0,0.503,-25.417,10.6016,17.71,-13.681,6.774,0.168,549.716992,-24.985,11.736,0.168,0.6541643291070408,13.114,0.0,10.6016,0.2481137413939451,-9.834,267.517008,1.482,27.5,-24.347,172.0,149.827,17.71,-39.249,8.394,273.17019,-0.142,-46.371,134.382016
-6.262,362.768016,235.214,2017-06-30 00:00:00,0.0731034482758619,32.206,275.398016,24.214,10.161,15.75,73.164,15.75,204.372992,6.627,-60.238,29.371,6.623,151.768016,-6.811,45.782,417.779008,4.38945,-4.38945,0.116,-190.379008,460.146016,211.0,9.979,-4.073,24.214,11.85155,8.137,460.145984,0.0,-5.065,0.1383267676064049,91,8.593,61.615,26.16,427.940008,-3.432,2.36355,-26.1,5.806,-60.238,11.85155,16.241,-28.008,9.488,6.627,608.158016,-60.21,32.23,6.627,0.0350094630016519,34.439,0.645,11.85155,0.3440216679044166,-6.811,308.378,4.423,26.16,-60.863,211.0,166.446,16.241,11.02,10.161,16.0291,-1.62,-34.99,151.768016
-2.919,416.121992,276.604992,2017-09-30 00:00:00,-0.1157258064516128,40.238,276.868992,26.605,9.905,17.343,73.603,17.343,237.139008,12.861,-55.981,41.879,5.155,166.121992,-6.031,49.019,466.187008,-1.0010000000000012,1.001,0.116,-202.211008,516.329984,250.0,26.376,0.0,26.605,13.885,-2.828,516.329984,0.0,2.195,0.2490210385901891,92,-5.226,63.354,24.55,476.092008,3.597,-0.539,-37.2,6.275,-55.981,13.885,12.883,-32.895,14.424,12.861,668.398016,-55.788,23.086,12.861,0.0645859034344458,38.936,0.945,13.885,0.3538015871396805,-6.031,350.207992,3.455,24.55,-55.747,250.0,167.506,12.884,6.298,9.905,31.05865,-0.051,-65.444,166.121992
-3.021,458.783,282.315008,2017-12-31 00:00:00,0.6517355371900827,42.569,279.227008,16.99,13.304,25.391,75.497,25.391,257.519008,7.806,-60.772,75.387,7.5,193.458008,-7.324,58.694,495.396992,0.5284499999999994,-0.52845,0.116,-216.768992,551.270016,265.324992,58.764,-5.958,16.99,24.60855,4.955,551.270016,1.828,-2.89,0.4798028443896955,92,1.67,57.426,29.72,508.700992,-0.579,2.23855,-12.1,-5.055,-60.772,24.60855,25.137,-19.986,22.37,7.806,712.166016,-60.723,40.786,7.806,0.1392606264669022,14.882,1.443,24.60855,0.4325995842845946,-5.496,357.812008,2.352,29.72,-60.723,265.324992,195.91,25.137,1.063,13.304,64.656552,0.932,-94.57,193.458008
-6.048,449.198008,257.156992,2018-03-31 00:00:00,-0.1363421828908554,26.951,281.42,11.786,13.517,20.869,73.411,20.869,245.134,0.237,-39.795,79.353,5.581,203.827,-5.576,52.752,493.927008,-5.02045,5.02045,0.117,-229.900992,534.394992,245.371008,61.103,-0.317,11.786,13.48645,-9.305,534.395008,0.0,7.5,0.3774680566173907,90,-5.3,55.032,29.1,507.444008,8.859,-1.33455,-16.95,-7.569,-39.795,13.48645,8.466,-14.639,14.821,0.237,723.827968,-12.826,25.156,0.237,0.1363493708369487,-19.899,1.246,13.48645,0.3956058538064907,-5.576,330.567992,2.877,29.1,-12.826,245.371008,206.247,8.466,-7.67,13.517,63.83155,-0.158,-95.528,203.827
-10.343,482.02,287.089984,2018-06-30 00:00:00,-0.55004,33.533,282.843008,12.185,10.408,20.53,102.463,20.53,267.966,6.611,-50.389,84.133,4.865,207.443008,-5.794,51.347,553.054976,-5.956600000000001,5.9566,0.117,-242.996992,596.995992,274.576992,61.802,0.0,12.513,8.2756,1.357,596.995968,0.0,11.475,0.3354885901274567,91,-0.316,79.768,28.88,563.462976,12.791,-1.9114,-50.0,6.374,-50.389,8.2756,2.319,-22.498,10.187,6.611,796.051968,-50.389,27.891,6.611,0.113997178687314,28.872,0.66,8.2756,0.3998286170564979,-5.794,389.552984,3.09,28.88,-50.389,274.576992,211.812,2.319,6.502,10.408,60.2556,-3.758,-90.018,207.443008
-11.046,532.976992,331.081984,2018-09-30 00:00:00,-0.0994799999999999,41.12,284.524,13.76,9.159,27.886,132.938,27.886,312.231008,4.542,-80.003,94.676,5.512,216.204,-5.486,65.034,629.945024,-7.5366,7.5366,0.118,-261.763008,680.223984,316.772992,64.218,-0.013,14.309,14.6166,5.534,680.224,0.0,10.346,0.3190324554235381,92,-3.331,102.342,26.67,639.104024,12.46,-2.2234,-50.0,-2.289,-80.003,14.6166,7.082,-45.026,16.84,4.542,891.708032,-79.032,34.977,4.542,0.1019380668411196,41.988,1.233,14.6166,0.4287910938893501,-5.486,464.019984,2.928,26.67,-79.254,316.772992,227.827,7.08,-2.055,9.159,60.9872,-3.834,-102.149,216.204
-20.416,662.815008,396.680992,2018-12-31 00:00:00,0.4561000000000001,66.324,286.399008,7.679,9.9,47.331,106.012,47.331,385.523008,2.465,-106.354,124.771,17.387,274.827008,-5.714,88.152,701.296,23.86985,-23.86985,0.118,-284.804,777.52,387.988,77.654,-0.272,8.693,32.88115,-0.812,777.52,3.238,-33.696,0.3257959806256111,92,-14.749,88.507,23.64,711.196032,-31.491,5.96615,-50.0,-2.077,-106.354,32.88115,56.748,-72.805,26.915,2.465,986.099968,-106.354,33.549,2.465,0.1148152636330464,70.728,1.91,32.88115,0.5369248570650694,-2.476,502.692992,2.126,23.64,-106.354,387.988,257.286,56.751,-1.805,9.9,76.282688,-12.437,-154.700992,274.827008
-7.647,718.706984,432.796,2019-03-31 00:00:00,-0.0451794871794871,43.674,288.248,6.27,9.255,32.317,97.532,32.317,425.361984,0.876,-87.833,128.064,11.456,292.469,-6.276,72.064,769.868032,-6.62415,6.62415,0.118,-306.608992,822.797,426.237984,78.612,0.0,7.418,22.67715,-9.205,822.796992,2.67,5.715,0.3161439947128326,90,5.196,80.383,23.0,779.123032,7.541,-1.99285,-39.0,-1.589,-87.833,22.67715,16.053,-37.238,24.67,0.876,1076.477056,-87.833,50.595,0.876,0.115607076964792,35.74,1.387,22.67715,0.4484486012433393,-3.606,530.328,3.11,23.0,-87.924,425.377984,276.597,16.053,-1.238,9.255,78.4505,1.112,-177.567,292.469
-5.015,837.928008,478.688992,2019-06-30 00:00:00,0.0414736842105263,63.072,290.016992,5.205,31.969,32.328,83.615,32.328,475.711008,3.333,-89.241,139.862,24.979,358.883992,-6.624,74.703,826.147008,13.158239999999992,-13.15824,0.118,-330.638016,921.187984,479.044016,95.738,0.0,7.638,51.54576,2.097,921.187968,3.95,-20.956,0.4298599925484746,91,1.107,62.819,13.85,858.116008,-40.175,24.23276,-38.0,2.457,-176.978,51.54576,64.704,-39.576,27.313,3.333,1156.785024,-177.074,49.665,3.333,0.1603503463759479,41.942,1.363,51.54576,0.4327537046704952,-2.674,562.303992,3.241,13.85,-89.15,472.038016,299.953,64.704,2.328,4.895,121.72066,4.291,-194.645,358.883992
2.106,874.588984,485.929984,2019-09-30 00:00:00,-4.1593333333333335,60.77,291.872992,4.265,32.036,28.36,67.03,28.36,483.352992,2.85,-62.283,140.336,23.287,388.385992,-6.247,72.014,848.540032,-1.4030400000000007,1.40304,0.119,-355.574016,941.345976,486.202992,109.364,0.0,6.113,29.05404,-1.855,941.345984,3.685,-1.012,0.4504146671352773,92,-1.52,50.763,9.69,880.576032,1.737,-1.41196,3.0,-0.483,-62.283,29.05404,27.651,-9.478,30.466,2.85,1204.114048,-62.283,52.805,2.85,0.1679336708788019,8.995,1.813,29.05404,0.3938123142722248,-2.562,552.959984,2.683,9.69,-62.283,479.816992,306.933,27.651,-0.478,4.558,136.1581,11.541,-159.097,388.385992
-1.106,878.127,482.963008,2019-12-31 00:00:00,-1.39925,53.308,293.035008,5.668,30.145,26.172,81.146,26.172,481.062016,1.358,-48.511,119.177,14.954,395.707008,-5.705,69.85,876.363008,-16.538650000000004,16.53865,0.119,-380.728,959.816016,482.419992,107.514,0.0,7.25,22.78665,2.266,959.816,2.815,19.9,0.3760095595209893,92,0.125,58.629,9.9,906.508008,18.591,-2.27935,-4.0,-1.492,-48.511,22.78665,6.248,1.597,25.066,1.358,1257.090944,-48.511,50.108,1.358,0.1451228777852988,-3.089,1.62,22.78665,0.374688618468146,-2.89,564.109008,2.121,9.9,-48.511,475.712992,288.631008,6.248,-1.403,7.476,126.0636,7.955,-84.695,395.707008
4.313,883.261992,492.067008,2020-03-31 00:00:00,-2.110619047619048,107.606,294.369984,5.247,35.07,11.484,66.041,11.484,456.563008,35.598,-52.76,98.344,41.663,391.100984,-5.913,53.377,806.532992,-18.08784,18.08784,0.12,-499.759008,949.208992,492.161008,98.642,0.0,7.575,12.22984,-7.324,949.209024,2.964,56.195,0.3382719917672687,91,2.112,49.449,2.47,841.602992,56.39,-3.56716,-21.0,34.24,-52.76,12.22984,-5.858,23.323,15.797,35.598,1306.291968,-52.76,76.083,35.598,0.130491983611866,10.917,0.867,12.22984,0.2151488468816156,-2.949,558.108008,2.846,2.47,-52.76,485.539008,269.944,-5.858,34.323,2.77,115.61629,12.72,-24.134,391.100984
9.704,558.491008,473.054016,2020-06-30 00:00:00,-2.3737000000000004,54.032,295.599008,6.886,6.7010000000000005,-4.692,38.629,-4.692,465.529984,6.61,-36.654,61.324,23.85,86.351008,-6.18,24.846,537.300992,-227.96872,227.96872,0.12,-773.836032,598.034024,472.14,76.341,0.0,9.298,-78.00728,-2.861,598.033984,2.037,289.851008,-0.0626040181027996,91,1.996,22.493,3.21,544.001992,313.180008,-83.01928,10.0,-28.988,-36.654,-78.00728,-305.976,-13.737,5.012,6.61,1311.137024,-31.902,22.917,6.61,-0.018347220406673,-20.003,0.233,-78.00728,-0.1888432745713595,-4.143,511.683016,3.028,3.21,-31.902,466.168,220.087,-305.976,-28.985,2.022,-13.93675,17.73,1.705,86.351008
0.438,534.445016,457.716992,2020-09-30 00:00:00,0.6064227035100823,44.584,296.750016,4.636,4.043,15.488,52.36,15.488,452.620992,1.222,-13.725,48.452,14.478,80.602016,-5.833,45.699,542.051968,-18.48126,18.48126,0.121,-787.830016,590.679008,453.843,61.801,0.0,8.681,11.58526,5.219,590.678976,2.504,22.299,-0.1339289255344883,92,-1.661,28.514,3.93,546.094968,23.365,-4.34074,9.373,-5.388,-13.725,11.58526,-6.896,15.057,15.926,1.222,1329.881984,-13.725,28.782,1.222,-0.0409987184542998,-17.004,0.8,11.58526,0.3389133241427602,-3.329,510.076992,2.628,3.93,-17.166,449.036,193.772,-6.896,-1.943,1.752,-31.40553,7.882,26.24,80.602016
-6.186,520.361992,434.062016,2020-12-31 00:00:00,1.9265714285714288,34.973,297.832992,7.903,1.702,25.562,58.04,25.562,427.211008,2.118,-16.944,47.842,7.005,91.032992,-4.682,53.464,546.460032,-7.68196,7.68196,0.121,-801.278976,583.135008,429.329,56.111,-0.031,8.206,17.02996,3.095,583.134976,3.001,8.598,-0.152698442700415,92,4.693,35.298,5.31,548.162032,9.955,-2.34604,7.0,0.896,0.0,17.02996,9.348,20.486,19.376,2.118,1347.739008,-16.944,37.43,2.118,-0.0481703185364199,-23.031,0.955,17.02996,0.4781161155169834,-1.681,492.102016,2.184,5.31,-13.503,425.856,177.384992,9.348,-2.514,1.702,-37.16222,1.166,49.881,91.032992
-7.02,518.645984,405.228992,2021-03-31 00:00:00,1.1192666666666669,33.84,298.964,4.759,1.931,57.148,75.165,57.148,395.171008,3.419,-36.057,93.506,4.346,120.056,-4.782,86.741,564.678976,0.0,17.18092,0.123,-814.691008,600.449992,398.589984,90.442,0.0,8.931,45.56092,10.37,600.449984,3.476,15.511,-0.0149900715435765,90,9.492,28.264,7.78,566.609976,16.581,-4.56708,15.0,1.301,-36.057,45.56092,28.38,31.789,50.128,3.419,1379.369984,-36.057,67.846,3.419,-0.0049444942148201,-30.488,1.62,45.56092,0.658834922355057,-1.306,480.393992,2.388,7.78,-36.057,396.297984,210.75,28.38,1.7890000000000017,1.162,-3.83114,-0.001,53.595,120.056
-15.484,511.383,419.780992,2021-06-30 00:00:00,-0.6054209342992752,31.811,300.212,15.362,3.07,37.117,101.924,37.117,408.081984,2.063,-22.229,135.315,3.791,101.238,-4.834,69.861,588.062016,0.0,32.85136,0.124,-830.748992,622.942992,410.145,107.063,-2.4,15.665,12.90036,-10.9,622.942976,3.501,39.52,0.9283753311761352,91,-11.409,36.956,23.22,591.132016,40.71,-8.73264,8.006,-1.356,-22.229,12.90036,-19.951,3.1590000000000025,21.633,2.063,1418.811008,-22.229,25.388,2.063,0.1426341411061515,-4.515,1.375,12.90036,0.5312978628991855,-1.333,521.704992,3.055,23.22,-22.229,404.116,255.765,-19.951,1.1590000000000025,3.07,87.0765,-8.048,70.491,101.238
