Non-Operating Income (Loss),StockBased Compensation,Line of Credit Available,Equity Charge,WACC Discount Factor,Other Accrued Liabilities,Operating Leases,Line of Credit,Total Current Liabilities,BALANCE SHEET,Total Liabilities & Equity,Operating Income,NonCash Items,Days in Period,Net Share Repurchases,"Cash, Cash Equivalents & STI",Misc LT Assets,Rental Expense - Years 2 - 5,"Selling, General & Admin",Revenue,ST Debt,-Net Share Repurchases,LTM Basic EPS,Rental Expense - Year 1,ST Capital Leases,Rental Expense Beyond Year 5,Dep & Amort,Work In Process,Total Liabilities / Tangible Assets,Current Liabilities,Other Adjustments,Free Cash Flow (LTM),Deferred Compensation,Other Operating Expenses,Free Cash Flow to Firm,ST Deferred Tax Assets,Cash (Repurchase) of Equity,Free Cash Flow to Equity,Deferred Tax Liabilities,Repayments of LT Debt,Other PostRet Benefits,Effect of Foreign Exchanges,Income (Loss) from Cont Ops,year + weight + convention,Free Cash Flow to Firm Model,Dividends,Net Extraordinary Losses (Gains),Net Cash From Disc Ops (fin),Period Weight,Pretax Income,LT Marketable Securities,ST Borrowings,Dividend Yield (LTM),Free Cash Flow per Share,LT Receivables,Prepaid Expenses,Cash % of Revenue,Diluted - Basic Shares,Diluted EPS,Operating Margin,Operating Expenses,Line of Credit Used,Interest & Dividends Payable,PP&E Gross,EBITDAR,A = L + SE,Inventories,Discontinued Operations NI,PV of Free Cash Flow to Firm,Pensions,Raw Materials,Other Non-Op Income (Loss),Bull,Discounted Residual Income (Bear)
-10.983,3531.07796,1899.197952,2011-03-31 00:00:00,0.0,270.284,1544.100992,142.312,85.03599999999999,185.283008,528.281984,185.283008,974.974016,5.026,-376.276992,667.732,21.242,2551.07796,-18.413,428.745984,4623.238144,-84.309,82.645,0.118,-1737.216,4978.557896,980.0,625.744992,-6.455,919.197992,102.059,-14.295,4978.557952,-14.156,131.587,0.1246115307482529,90,-58.598,281.205,0.0,4708.274144,145.511,-72.241,0.0,-13.926,-376.276992,101.789,19.414,-162.222,174.3,5.026,6360.454144,-376.255992,214.055008,5.026,0.0801581617571326,173.275008,0.0,101.789,0.0,-32.569,2427.479936,18.508,0.0,-401.256,980.0,1579.805984,19.414,0.0,83.457,363.306,3.367,-160.544,2551.07796
-11.556,3815.807944,2046.494976,2011-06-30 00:00:00,0.0,243.215008,1547.459968,141.992992,92.043,222.032992,484.628992,222.032992,1048.910976,11.089,-447.070016,737.376,20.189,2755.807944,-20.913,476.256,4951.673856,77.14499999999998,-80.319,0.118,-1845.651968,5286.931912,1060.0,695.308992,-2.474,986.49496,122.83,39.507,5286.931968,-15.017,-127.089,0.135303426785703,91,71.586,288.044992,0.0,5043.716856,-10.822,-87.647,0.0,6.063,-447.070016,122.561,203.148992,-72.907,210.476992,11.089,6797.325824,-445.357016,374.163008,11.089,0.0858477219030149,77.257,0.0,122.561,0.0,-35.93,2531.123968,16.509,0.0,-445.356992,1060.0,1684.508992,203.148992,0.0,88.491,406.045,3.57,-303.771,2755.807944
-12.522,4164.051016,2245.069056,2011-09-30 00:00:00,0.0,268.569984,1550.918016,142.128992,108.344,201.976992,438.385984,201.976992,1193.912064,6.088,-487.779008,792.112,31.54,2964.051016,-23.144,470.444,5270.592,86.54899999999999,-90.904,0.118,-1961.364992,5647.506056,1200.0,747.99,-0.001,1045.06896,115.331,-13.241,5647.50592,-10.293,-149.966,0.1626716042334805,92,-32.246,276.667,0.0,5378.936,-21.343,-74.124,0.0,-5.001,-487.779008,115.062,206.235008,-212.243008,189.455008,6.088,7231.956992,-420.267008,275.536,6.088,0.0882768948328986,139.73,0.0,115.062,0.0,-33.437,2683.45504,11.584,0.0,-420.267008,1200.0,1785.330976,206.235008,0.0,105.545,442.004,3.518,-518.173008,2964.051016
-13.05,4409.13096,2449.444096,2011-12-31 00:00:00,0.0,298.703008,1554.340992,117.379,108.166,216.748992,567.033984,216.748992,1364.189056,15.811,-493.185984,826.043008,20.377,3029.13096,-22.515,493.456992,5638.739968,0.0,64.13,0.118,-2088.516992,6045.60904,1380.0,777.932032,-5.181,1069.444008,127.019,40.067,6045.60896,-5.53,90.078,0.1679205874962764,92,8.494,356.713992,0.0,5746.905968,129.611,-76.739,0.0,9.723,-493.185984,126.75,62.889,-164.856992,203.699008,15.811,7727.257088,-493.155984,328.328992,15.811,0.0873802386243659,174.55,0.0,126.75,0.0,-28.045,3016.47808,14.658,0.0,-493.156,1380.0,1868.903936,62.83,0.0,94.579,467.239008,3.482,-612.228992,3029.13096
-15.701,4365.181968,2460.124928,2012-03-31 00:00:00,0.0,328.379008,1552.926976,217.355008,105.288,228.376,634.348032,228.376,1230.174976,9.825,-539.548032,869.134976,24.691,3125.181968,-34.368,559.824,5785.988096,-26.617000000000004,26.174,0.119,-2070.258944,6219.654928,1240.0,816.306016,-5.657,1220.124992,124.644,41.658,6219.655168,-1.559,26.276,0.172712331893726,91,10.31,385.853,0.0,5891.276096,88.092,-88.055,0.0,-5.986,-539.548032,124.375,98.47,-186.556,212.675008,9.825,7856.246784,-536.626032,352.992,9.825,0.0874825286411409,-145.926,0.0,124.375,0.4079424962130956,-35.927,3094.47296,19.841,0.0,-213.052,1240.0,1999.980992,98.446,0.0,96.18,489.824,2.626,-636.563,3125.181968
-9.643,4699.821048,2687.09888,2012-06-30 00:00:00,0.0,323.699008,1557.464064,209.088992,122.114,164.892,543.664,164.892,1413.19296,6.807,-529.832,811.993984,23.22,3279.821048,-25.209,493.515008,6064.771072,58.03599999999999,-58.245,0.119,-2238.739968,6510.583928,1420.0,761.078016,-0.058,1267.099024,92.637,-15.286,6510.583808,-12.558,-108.023,0.1523668830318892,91,-15.095,357.651008,0.0,6186.885072,-14.128,-62.643,0.0,-3.018,-529.832,92.367,150.827008,-247.639008,155.248992,6.807,8303.51104,-464.331,282.192992,6.807,0.0779199636138719,179.672,0.0,92.367,0.334117498611106,-37.767,3230.76288,16.034,0.0,-464.883008,1420.0,2017.24,150.851008,0.0,99.342,459.631,8.133,-811.295008,3279.821048
-10.342,4967.094,2909.780992,2012-09-30 00:00:00,0.0,392.502016,1562.144,202.706,117.523,163.039008,652.574976,163.039008,1573.924992,26.075,-543.180032,773.056,21.075,3367.094,-25.034,521.592992,6419.424768,-9.37100000000001,9.389,0.119,-2416.815104,6929.449968,1600.0,726.206,0.0,1309.781016,92.523,99.27,6929.449984,-16.555,15.815,0.1380119193020839,92,47.59,470.946992,0.0,6536.947768,72.47,-60.195,0.0,19.268,-543.180032,92.254,83.113,-160.42,152.696992,26.075,8836.240384,-542.413032,382.76,26.075,0.0694640266427382,179.731008,0.0,92.254,0.3125789849569144,-41.589,3562.355968,13.746,0.0,-543.222976,1600.0,2068.388992,83.113,0.0,95.919,436.823,8.238,-759.472,3367.094
-11.885,5253.171904,3182.267904,2012-12-31 00:00:00,0.0,384.412,1566.835968,222.426,124.474,178.576992,636.979008,178.576992,1755.2,44.8,-558.899008,734.884992,21.347,3453.171904,-23.962,565.12,6763.5328,0.0,21.625,0.119,-2590.20288,7272.418816,1800.0,687.313984,-5.116,1382.268024,103.328,-16.574,7272.418816,-33.15,48.235,0.127455890658375,92,10.513,422.654992,0.0,6888.0068,102.64,-63.378,0.0,18.725,-558.899008,103.059,81.689,-175.628992,166.746,44.8,9353.736192,-558.899008,383.270016,44.8,0.0620410179267672,194.615008,0.0,103.059,0.3159983578708946,-57.112,3819.246912,11.875,0.0,-559.16,1800.0,2140.051968,81.689,0.0,98.895,413.132,8.123,-770.243968,3453.171904
-12.791,5640.608008,3282.160896,2013-03-31 00:00:00,0.0,366.684,1568.163968,218.492,145.565,200.39392,819.609024,200.39392,2091.817984,8.182,-581.275008,706.90192,26.706,3540.608008,-28.885,604.902976,7130.128896,-27.477999999999994,27.88,0.119,-2788.299008,7642.377928,2100.0,662.294912,-5.472,1432.160968,114.143,-71.328,7642.37824,-23.316076,37.225,0.1207794721908009,90,-84.859,360.994008,0.0,7275.693888,95.051,-73.47892,0.0,-36.618,-581.275008,113.874,86.263,-283.660992,187.602928,8.182,9918.42816,-581.275008,297.614016,8.182,0.0580911888103855,294.259008,0.0,113.874,0.3312827477311006,-52.201076,4101.76992,20.254,0.0,-628.491008,1850.0,2185.130976,86.244,0.0,101.918,402.631,8.187,-867.348992,3540.608008
-13.933,5930.351016,3508.502016,2013-06-30 00:00:00,0.0,1096.816,1572.955008,210.886,139.86200000000002,207.812,928.857024,207.812,2226.688,23.312,-658.380032,749.82192,727.711992,3680.351016,-29.213,651.430976,6881.032192,13.823000000000008,-13.277,0.12,-2691.826944,8117.710056,2250.0,700.924928,-2.628,1508.502048,121.679,28.188,8117.709824,-32.066,-10.419,0.1240234442326247,91,14.192,359.766008,0.0,7020.894192,70.023,-72.212,0.0,15.13,-658.380032,121.41,134.956,-215.763008,193.879008,23.312,9572.85888,-655.253032,442.616992,23.312,0.0590189137379218,147.103008,0.0,121.41,0.319008471589782,-61.279,4437.35904,22.568,0.0,-574.590016,2000.0,2343.046944,134.944,0.0,69.778,431.673,8.391,-835.472992,3680.351016
-15.49,6794.05084,4248.476928,2013-09-30 00:00:00,0.0,1400.813952,1578.15296,213.994,192.192008,271.299936,988.435968,271.299936,1878.412032,1025.579008,-868.652992,858.082848,14.174,3890.059928,-50.368,705.878016,7566.17216,39.68099999999998,-39.261,0.12,-2907.055104,9126.972824,2903.990912,804.037856,-26.955,1594.486048,164.84,98.001,9126.97344,5.568923,-91.19,0.138985223069141,92,82.281,512.902008,0.0,7726.159168,7.984,-90.97992,0.0,1002.267008,-868.652992,164.84,204.100992,-354.756992,255.80992,1025.579008,10473.227264,-52.168,513.896,1025.579008,0.0627773678721839,627.044992,0.0,164.84,0.3843439374091514,-44.799076,5236.912896,13.723,0.0,-138.674,2653.990912,2527.331968,204.091008,0.0,159.987008,503.99,8.415,-1029.809984,3890.059928
-33.573,6490.532896,4219.08608,2013-12-31 00:00:00,0.0,1069.617984,1583.661952,199.719008,168.807,235.33,777.684992,235.33,1954.374016,699.459968,-709.737984,914.878912,28.981,3836.698912,-29.528,702.379008,7595.044864,-174.02,174.436,0.12,-2676.489984,8833.469984,2653.833984,837.088896,-2.005,1565.25196,115.171,28.275,8833.470464,-14.808,264.016,0.141706502813823,92,48.61,574.997,0.0,7763.851872,253.892,-86.597,0.0,-326.119008,-709.737984,115.171,-59.265,-219.12,201.756992,699.459968,10271.535104,-560.743984,490.617984,699.459968,0.0640626522424473,-255.992992,0.0,115.171,0.3350470291959523,-44.336,4996.771072,27.707,0.0,-560.744,2653.833984,2664.591104,-59.276,0.0,132.391,515.892992,8.702,-1073.300992,3836.698912
-33.704,6595.171024,4312.868864,2014-03-31 00:00:00,0.0,822.606976,1579.409024,222.803008,181.731992,251.076992,727.358016,251.076992,2247.23712,406.436992,-654.577024,965.518928,38.059,3941.49704,-32.334,721.249984,7977.38496,-19.68700000000001,19.687,0.121,-2889.910016,8981.72392,2653.673984,868.17392,-11.081,1659.195,128.756,-100.558,8981.72416,-27.758,34.964,0.1443197300704105,90,-137.494,454.089,0.0,8159.11696,117.057,-88.635,0.0,-293.023008,-654.577024,128.756,109.069,-330.68,217.372992,406.436992,10867.295232,-579.554024,323.896992,406.436992,0.0648458469553219,-37.366,0.0,128.756,0.3481136881383972,-60.092,5040.22688,37.48,0.0,-579.553984,2653.673984,2780.937984,109.051,0.0,160.096992,539.002,7.744,-1120.32,3941.49704
-30.979,6750.646912,4320.353792,2014-06-30 00:00:00,0.0,733.123008,1583.620992,230.395008,129.076,324.648,941.478976,324.648,2426.428928,227.083008,-750.697024,1082.354928,41.566,4097.134976,-35.555,825.76,8496.769024,-23.436000000000007,23.436,0.12,-3158.91712,9358.967744,2653.511936,967.963904,-4.72,1666.841984,174.88,111.339,9358.967808,-9.83,25.962,0.152605312944424,91,24.978,623.458984,0.0,8625.845024,122.838,-118.807,0.0,-179.354,-750.697024,174.88,151.444,-182.928,293.668992,227.083008,11655.686144,-742.568024,567.769024,227.083008,0.0677706612743911,-4.555,0.0,174.88,0.3931505522185623,-45.385,5261.832768,41.099,0.0,-742.568,2653.511936,2955.267008,151.426,0.0,116.035,592.203,7.473,-1087.484992,4097.134976
-30.685,7015.578064,4523.11808,2014-09-30 00:00:00,0.0,511.998016,1590.755968,239.956992,115.485,276.340992,832.060992,276.340992,2725.29408,28.053,-758.075008,1087.395984,30.41,4262.230992,-37.07,804.233984,8989.927424,4.471992,-4.472,0.121,-3431.814912,9617.410064,2753.347072,957.809984,-26.42,1769.771008,153.503008,-79.898,9617.410048,-11.984,-17.212,0.1406847028102741,92,-68.959,502.920992,0.0,9105.412424,82.966,-92.167,0.0,-199.03,-758.075008,153.503008,157.975008,-300.435008,245.656,28.053,12421.741568,-757.727008,457.64,28.053,0.0610646926175393,101.057,0.0,153.503008,0.3436077031034789,-49.054,5355.179072,23.568,0.0,-757.726976,2753.347072,3053.622976,157.960992,0.0,107.751,572.310008,8.509,-1033.163008,4262.230992
-73.283,11305.432944,7129.096192,2014-12-31 00:00:00,0.0,842.998976,3385.26208,248.532,131.724,139.498688,1160.971008,139.498688,5524.289024,78.1,-805.016,999.2896,221.726992,5703.043952,-72.252,704.204992,12142.711808,-416.775,416.775008,0.168,-3083.571968,13993.111152,5602.388992,834.330624,15.668,1526.706976,63.094,-68.584,13993.110528,2.37669225,637.516032,0.1108012222627031,92,61.392,793.562008,0.0,13150.111808,458.17204,-3.13369225,0.0,50.047,-805.016,63.094,-353.680992,-339.02,66.215692,78.1,15226.284032,-780.668,465.996,78.1,0.0462276837854,364.719008,0.0,63.094,0.1980938641230194,-69.875304,8290.0672,86.15,0.0,-780.668032,5602.388992,3051.757056,-353.692992,0.0,86.265,527.609984,-24.064,-1153.06304,5703.043952
-99.905,12025.877256,6781.062144,2015-03-31 00:00:00,0.0,762.950976,4578.036224,263.034,177.154,0.3453076875,881.260992,0.3453076875,5130.271744,105.915,-1031.929024,740.8329876875,151.909,6789.69012,-43.98,551.681984,12636.23168,0.0,38.851,0.204,-3338.881024,14452.013256,5236.187136,505.980988,-50.217,1544.875024,-67.26,-31.193,14452.013056,-13.094692,65.174,0.060516359868426,90,6.852,571.736992,0.0,13689.061696,17.879,32.282692,0.0,27.815,-1031.929024,-67.26,-106.111,-829.790016,-99.559696,105.915,15975.112704,-1021.610024,202.139008,105.915,0.0276709604628178,847.286016,0.0,-67.26,0.000625918006233,-57.074692,7662.323136,41.591,0.0,-1021.609984,5236.187136,2885.88096,-106.128,0.0,177.154,324.217008,-25.998,-1652.173024,6789.69012
-110.89,11953.18528,6703.220224,2015-06-30 00:00:00,0.0,597.334016,4645.472256,241.844,139.652,97.69292,802.870976,97.69292,5185.200128,60.154,-724.595968,513.8779076875,82.674,6707.831296,-44.987,676.499008,12601.260032,-134.826,134.826,0.206,-3388.964096,14213.922496,5245.353984,199.114919,-5.189,1457.866016,-14.448,-73.147,14213.921792,-11.304077,245.871008,0.0250052887251214,91,-22.526,560.114008,0.0,13616.588032,175.386008,-1.271923125,0.0,-45.761,-724.595968,-14.448,-149.274,-398.599008,-13.197077,60.154,15990.223872,-423.286976,325.996992,60.154,0.0114444185917707,51.529,0.0,-14.448,0.1444095539604989,-56.291076,7506.0912,50.598,0.0,-423.287008,5245.353984,2736.619968,-149.295008,0.0,139.652,134.889008,-22.234,-1867.844032,6707.831296
-115.066,10104.663728,6058.207232,2015-09-30 00:00:00,0.0,558.174016,4652.77696,216.983008,167.355008,-2.11684625,763.934976,-2.11684625,5216.914944,37.731,-422.296992,235.4200694375,165.955,4850.017968,-44.821,538.915008,10946.630656,-1797.233,1797.233024,0.206,-3013.548032,11672.160176,5254.64576,-163.723929,-0.125,803.560992,-67.875,14.573,11672.160256,-10.185846,2394.95296,-0.0190166274570892,92,114.248,530.328992,0.0,11113.985664,1192.621912,49.297848,0.0,-22.423,-422.296992,-67.875,-1865.107968,-49.177,-117.182848,37.731,13960.178688,-395.417992,373.12,37.731,-0.0081250113332489,-0.125,0.0,-67.875,-0.0039279779159536,-55.006848,6822.142208,39.967,0.0,-395.417984,5254.64576,2471.300992,-1865.117952,-22.297992,167.355008,-86.489,-31.094,-1616.586024,4850.017968
-125.251,9956.292176,6030.68416,2015-12-31 00:00:00,0.0,535.190016,4660.073984,236.326,104.195,-73.213616,599.812992,-73.213616,5181.650944,16.053,-318.111008,22.310384,186.708992,4758.587984,-38.828,461.48,10749.700096,30.461000000000013,-30.461,0.206,-3323.101952,11389.085136,5197.704192,-428.579616,-0.056,832.98,-129.15,-63.955,11389.084672,-16.947616,580.929024,-0.0538706445395095,92,-44.929,419.046992,0.0,10853.895096,1134.482048,69.276616,0.0,-21.678,-318.111008,-129.15,-98.689,-167.975008,-198.464608,16.053,14072.802304,-141.804,150.136,16.053,-0.0221694779181274,-30.01,0.0,-129.15,-0.1586495969489468,-55.775616,6630.497152,27.98,0.0,-141.804,5197.704192,2228.354048,-98.727,-21.622048,76.245,-281.355008,-40.017,-1445.540992,4758.587984
-22.501,9815.904928,6097.354752,2016-03-31 00:00:00,0.0,419.505984,4665.944064,229.2,93.055,-214.526,491.182016,-214.526,5222.144,1.061,-263.208,-192.16354225,156.717,4592.700064,-44.796,289.696992,10668.676096,-20.45356799999999,20.453566,0.21,-3625.29408,11181.236832,5223.204864,-565.871541,-0.677,874.15,-151.294432,-106.526,11181.237248,-6.832,-0.145,-0.0638317509527856,91,-35.826,364.747992,0.0,10761.731096,-58.77,85.722568,0.0,-14.992,-263.208,-151.294432,-171.748,-217.26,-237.027008,1.061,14293.96992,-260.263,45.948,1.061,-0.028304442682666,199.323008,0.0,-151.294432,-0.7405185622362278,-51.628,6588.536768,28.923,0.0,-260.263008,5223.204864,1966.591008,-171.758,-14.315,69.377,-362.767432,59.011,-833.011016,4592.700064
-74.252,9725.87204,5613.376,2016-06-30 00:00:00,0.0,319.526016,5139.24096,235.712,72.10199999999999,-104.231,427.379008,-104.231,4945.583104,15.338,-101.917,-394.08746225,71.129,4764.950952,-33.523,358.547008,10414.077952,-146.421,146.420992,0.252,-3925.700096,10805.70596,4960.921088,-731.157472,-50.011,652.454992,-154.62,-6.002,10805.705728,6.759,241.776992,-0.0877976843780268,91,19.731,295.396008,0.0,10486.179952,138.279992,23.858,0.0,14.277,-101.917,-154.62,-301.040992,59.069,-178.483008,15.338,14339.777536,-96.698,160.986,15.338,-0.0402035906887873,-50.011,0.0,-154.62,-0.2907038621836721,-26.764,6040.755008,21.927,0.0,-96.698,4960.921088,1648.639008,-301.046016,64.288,66.606,-502.939432,3.772,-375.343008,4764.950952
-106.754,8689.648048,5063.780864,2016-09-30 00:00:00,0.0,286.638016,5671.364096,232.152992,110.654,-98.184536,397.944,-98.184536,4067.300096,18.329,-80.018,-490.155152,51.931,4604.01912,-33.908,341.335008,9668.452352,-536.38,536.38,0.29,-4188.499968,10065.743984,4085.628928,-818.913168,-14.439,978.151992,-156.672,-26.209,10065.743872,-6.6885385,198.904,-0.1253938025714155,92,-3.02,256.894992,0.0,9779.106352,562.824016,48.26354,0.0,2.991,-80.018,-156.672,-693.052032,71.303,-204.938544,18.329,13856.95232,216.109008,151.320992,18.329,-0.0544428228697356,-364.439008,0.0,-156.672,-0.2876485965365732,-40.59654,5461.724864,17.877,0.0,216.108992,4085.628928,1451.059008,-693.054976,17.43,62.341,-591.736432,-22.291,-254.863008,4604.01912
-85.901,8684.494864,4248.619008,2016-12-31 00:00:00,0.0,622.601984,6389.801984,227.398,110.122,-64.837,478.331008,-64.837,3479.328,55.975,-108.038,-413.358016,392.707984,5149.191952,-34.651,363.900992,9143.417856,-74.33903199999999,74.339032,0.367,-4222.07104,9876.141968,3535.302912,-862.678976,-0.135,713.315992,-98.921968,36.158,9876.14208,-6.187,323.966016,-0.1319594235452599,92,71.952,312.938992,0.0,9253.539856,67.359016,51.812028,0.0,54.896,-108.038,-98.921968,-173.260992,128.717,-150.738,55.975,13365.48864,-98.974,236.755008,55.975,-0.0613828725751647,-100.135,0.0,-98.921968,-0.1781720891818838,-40.838,4726.950016,43.562,0.0,-81.724,3535.302912,1436.72,-173.264992,37.781008,59.49,-652.660352,226.428,41.829,5149.191952
-42.589,8231.52624,3881.11104,2017-03-31 00:00:00,0.0,244.022,6391.06816,231.935008,98.628,-28.294,443.328992,-28.294,3151.830016,16.429,-134.511008,-295.546536,42.963,5063.267168,-30.617,371.316992,9045.056512,-35.079992,35.079992,0.368,-4482.88,9387.7072,3168.259072,-605.042552,-4.885,712.852024,-51.877008,-85.684,9387.707392,-6.138,54.656,-0.0958690472667276,90,-96.381,255.211,0.0,9143.684512,23.001,18.99199,0.0,-56.796,-134.511008,-51.877008,-86.957,-54.441,-70.883,16.429,13527.937024,243.14,80.07,16.429,-0.0449309368164063,-380.006016,0.0,-51.877008,-0.0761990445080412,-36.755,4324.440032,31.056,0.0,243.14,3168.259072,1435.1,-86.971,-51.911024,59.682,-462.090976,4.812,204.648,5063.267168
-39.666,8270.913792,3940.579072,2017-06-30 00:00:00,0.0,291.137984,6397.8368,226.244992,72.627,-60.15,468.732992,-60.15,3251.564032,23.243,-204.764992,-251.465536,57.691,4996.106752,-31.943,311.515008,9041.65376,-2.7564359999999937,2.7564375,0.368,-4699.341824,9405.418816,3274.80704,-526.375544,-0.053,665.772,-63.224564,4.781,9405.418496,-6.352,9.031,-0.0760160296395065,91,-22.003,291.006,0.0,9114.28076,-21.058,36.591436,0.0,6.814,-204.764992,-63.224564,-65.981,-93.772,-99.816,23.243,13740.995584,-204.125992,110.993,23.243,-0.0366823276025202,99.947,0.0,-63.224564,-0.1930886103567761,-38.295,4409.312064,30.727,0.0,-204.126,3274.80704,1388.068,-65.981,6.867008,37.336,-370.69554,7.828,51.807,4996.106752
-40.003,7647.415808,3327.15392,2017-09-30 00:00:00,0.0,269.196992,6404.134912,198.896,35.756,-43.886,459.451008,-43.886,2920.271104,11.172,-299.3,-197.167,32.734,4715.972864,-30.084,324.191008,8197.624832,-238.29072,238.29072,0.368,-4734.350848,8502.577792,2931.442944,-405.326,0.0,395.711,-48.14128,-27.652,8502.578176,-7.033,447.257984,-0.0563067200307331,92,-41.49,278.714,0.0,8233.380832,214.418992,35.74772,0.0,-12.071,-299.3,-48.14128,-286.432,-199.956992,-83.889,11.172,12931.976192,238.586016,99.343,11.172,-0.0282378579305433,-350.0,0.0,-48.14128,-0.1353708120121579,-37.117,3786.604928,32.161,0.0,238.586,2931.442944,1370.924,-286.432,-12.070984,35.756,-262.16482,7.773,-219.452992,4715.972864
-46.269,7642.570944,2930.564096,2017-12-31 00:00:00,0.0,1189.628032,6405.581824,33.323,29.967,13.851,1553.328,13.851,2844.04992,879.379008,-218.000992,-118.479,26.035,3919.141888,-31.644,474.412,7183.438848,-785.016977,785.01696,0.092,-4244.734976,8403.033984,3723.429056,-287.006016,-14.293,165.848,-13.261023,96.181,8403.034112,-35.22,932.172992,-0.0185079821183144,92,36.621,291.062008,0.0,7213.405848,772.708992,19.156976,0.0,868.206976,-218.000992,-13.261023,-798.278016,68.702,-32.418,879.379008,11428.173824,-204.202992,286.703008,879.379008,-0.0091737832295412,785.707008,0.0,-13.261023,0.0291961417502086,-66.864,4483.892096,26.035,0.0,-204.203008,2764.716032,1481.435008,-798.278016,882.500016,29.967,-83.8446,0.832,-279.468,3919.141888
-73.952,6797.040896,3029.11104,2018-03-31 00:00:00,0.0,328.528992,6407.041024,167.387008,25.844,160.576992,567.984,160.576992,2830.913024,30.515,-178.32,73.597992,27.71,3935.612928,-31.48,515.083008,7178.335232,-71.613,71.613,0.092,-4429.94688,7532.707968,2861.427968,-129.498,-4.261,167.683008,86.625,-5.274,7532.70784,-4.697,17.242,-0.0085790604551797,90,8.131,208.24,0.0,7204.179232,21.805,0.0,0.0,-848.864,-178.32,86.625,15.012,54.547,86.625,30.515,11608.282112,-177.447,232.867008,30.515,-0.0045586203968637,-904.284032,0.0,86.625,0.3117497364618947,-36.177,3597.09504,27.71,0.0,-177.447008,2861.427968,1625.201024,15.012,-844.603032,25.844,-38.566875,-21.933,-170.479992,3935.612928
59.566,6717.498112,2948.63488,2018-06-30 00:00:00,0.0,342.158016,6408.573952,20.983,34.935,157.498,673.723008,157.498,2761.618944,16.613,-211.903008,291.245992,38.051,3939.266048,-31.601,526.403008,7184.530944,-58.082,58.082,0.092,-4620.868096,7561.623936,2778.232064,187.382,-9.462,170.403,60.202,64.373,7561.624064,-4.974,61.118,0.0189941015107953,91,46.348,194.649,0.0,7219.465944,62.651,-156.862,0.0,-13.902,-211.903008,60.202,2.12,98.51,217.064,16.613,11805.39904,-211.853008,310.412992,16.613,0.0100028851462962,-99.462,0.0,60.202,0.2991966185725139,-36.575,3622.357888,38.051,0.0,-224.852992,2778.232064,1840.089024,2.12,8.559952,34.935,84.859689,106.408,21.802008,3939.266048
-107.504,6898.98112,3019.559936,2018-09-30 00:00:00,0.0,352.732992,6411.761152,76.271,36.58,195.09,625.926016,195.09,2820.941056,14.187,-330.492992,530.221992,22.617,4063.853056,-31.901,566.694976,7320.026112,33.81399999999999,-33.814,0.092,-4809.558016,7709.339008,2835.128064,358.857,-1.05,184.432,87.586,-1.158,7709.339136,-3.728,-29.34,0.0502485974118265,92,-29.457,227.167,0.0,7356.606112,-25.193,0.0,0.0,-2.426,-330.492992,87.586,121.4,-66.737,87.586,14.187,12129.584128,-328.131992,263.756,14.187,0.0272129403024677,48.95,0.0,87.586,0.3442592722050177,-35.629,3645.485952,22.617,0.0,-315.132,2835.128064,2082.592992,121.4,-14.375992,36.494,220.586969,-59.539,155.022,4063.853056
-60.939,7062.6368,2952.325888,2018-12-31 00:00:00,0.0,398.425984,6414.26176,158.632,34.785,109.767,536.931008,109.767,2778.714112,13.607,-237.084,465.931008,90.351,4270.315776,-28.268,473.232992,7326.362112,232.67517,-232.675168,0.092,-5003.509248,7759.572672,2792.321024,283.240992,-0.68,160.005,-28.71317,16.79,7759.572992,-18.795,-158.042,0.0838291095902294,92,38.138,308.647,0.0,7361.147112,-154.243,-77.541168,0.0,-0.58,-237.084,-28.71317,203.962,47.883,48.828,13.607,12329.87136,-235.622,284.967008,13.607,0.0424755077929289,-49.925,0.0,-28.71317,0.2319512837346724,-47.063,3489.256896,22.009,0.0,-235.622,2792.321024,1924.413056,203.962,-0.654992,34.785,343.257472,-13.721,134.203,4270.315776
-43.882,7086.38424,3021.648896,2019-03-31 00:00:00,0.0,305.036,6415.220224,148.984,56.337,24.403,527.796992,24.403,2882.342912,1.692,-195.766,486.758,25.102,4202.349312,-34.974,389.488992,7390.422016,-56.49789,56.497888,0.092,-5193.278976,7751.7952,2884.034928,333.999,-3.693,150.356,-12.42711,-52.845,7751.7952,-19.747,80.576,0.0262099323773711,90,-41.07,319.761,0.0,7446.759016,60.372,7.0518895,0.0,-11.915,-195.766,-12.42711,-68.925,-47.257,-19.479,1.692,12583.701504,-195.467,148.508992,1.692,0.0139550130901737,35.043,0.0,-12.42711,0.062653888816452,-54.721,3549.445888,19.823,0.0,-195.467008,2871.292928,1955.819968,-68.925,-8.222008,32.855,106.64772,3.901,32.399,4202.349312
-42.947,7088.715136,2480.18304,2019-06-30 00:00:00,0.0,343.049984,6419.185152,146.148992,23.471,43.077,1094.915968,43.077,2881.408,6.68,-242.323008,372.337,43.398,4200.6272,-32.573,426.264,7409.205248,17.665,-17.665,0.092,-5396.436992,7775.726208,2888.087936,117.065,0.0,146.148992,-23.352,31.653,7775.72608,-21.198,-9.411,0.0056742070925006,91,18.065,354.215,0.0,7432.676248,18.037,-23.482,0.0,4.988,-242.323008,-23.352,-5.687,-8.899,0.13,6.68,12805.64224,-227.178008,233.424,6.68,0.0030114354543877,-1.258,0.0,-23.352,0.1010570913799898,-53.771,3575.099008,17.427,0.0,-227.178,2334.03392,1855.68096,-5.687,4.988008,23.471,23.09372,5.139,-75.01,4200.6272
-35.583,7094.947104,2798.411008,2019-09-30 00:00:00,0.0,355.313984,6407.582208,142.732,24.653,2.701,806.513024,2.701,2924.989952,0.0,-200.098,179.948,60.892,4169.95712,-29.89,375.891008,7394.913792,13.814999999999998,-13.815,0.092,-5536.57088,7774.881152,2924.989984,-3.403,-0.039,142.732,-32.882,-28.932,7774.880768,-11.735,-18.24,-0.0236523014056912,92,-31.195,336.931992,0.0,7419.566792,-21.771,0.0,0.0,-6.68,-200.098,-32.882,-19.067,-61.106,-32.882,0.0,12931.484672,-148.804,138.992,0.0,-0.0125772277329703,3.132,0.0,-32.882,0.0071855935431155,-41.625,3604.924032,15.854,0.0,-148.804,2655.678976,1664.876992,-19.067,-6.640992,23.482,-97.37428,12.72,-69.379,4169.95712
-33.107,6885.535744,3061.336064,2019-12-31 00:00:00,0.0,330.983008,6410.082816,138.612,23.294,14.799,550.414016,14.799,2851.91296,8.652,-167.66,109.836,14.082,4024.970752,-35.172,380.600992,7282.443776,-129.179,129.179,0.092,-5740.133888,7636.720832,2860.564992,-70.54,-6.057,213.091,-18.308,66.619,7636.721152,-18.849,55.62,-0.0166762172148081,92,46.352,325.799008,0.0,7305.737776,131.848,0.0,0.0,8.652,-167.66,-18.308,-147.487008,67.375,-18.308,8.652,13022.577664,-162.398,235.035008,8.652,-0.0089848893965116,-63.985,0.0,-18.308,0.0388832407457308,-54.021,3611.75008,13.196,0.0,-162.398,2848.244992,1597.101952,-147.487008,14.709008,23.294,-69.167,12.166,-49.887,4024.970752
-43.217,3848.201912,253.176992,2020-03-31 00:00:00,0.0,1027.323008,6408.386048,153.183008,57.007000000000005,-98.38,3878.42304,-98.38,2887.226112,566.273024,-147.634,-37.803,215.141,394.702848,-47.167,244.846,3441.972992,-2754.709432,2754.709504,0.092,-2760.812032,4526.30288,3453.499064,-192.656992,-0.304,223.030008,-873.861568,-100.894,4526.303232,-17.328,3522.098944,-0.4126137946627084,91,-38.605,262.689992,0.0,3498.979992,3520.420944,-732.264512,0.0,557.620992,-147.634,-873.861568,-3628.57088,-110.421,-141.596992,566.273024,6202.784768,-120.181,37.213,566.273024,-0.154487044268713,640.588992,0.0,-873.861568,-0.401803582660121,-64.495,4131.600032,35.801,0.0,-120.181,30.147,1427.602,-3628.57088,557.924928,47.081,-948.403568,2.033,-113.051,394.702848
-14.441,733.979584,2718.672896,2020-06-30 00:00:00,0.0,713.059008,6409.718784,2647.960064,41.665,-102.669,1191.809024,-102.669,420.171008,492.088,-77.045,-183.549,55.479,-178.279424,-28.136,91.6,2977.478912,-38.67525599999999,38.67524,0.092,-2016.619008,3732.202496,912.259008,-309.896992,0.0,2718.673064,-535.639744,-43.113,3732.203008,-20.923,472.324,0.0,91,47.158,143.149,0.0,3019.143912,473.657,-95.200928,0.0,-47.398,-77.045,-535.639744,-574.315008,-46.996,-117.11,492.088,4994.098176,-76.255,30.049,492.088,-0.2538582399718033,-1.192,0.0,-535.639744,-1.120840611353712,-49.059,3910.48192,52.054,0.0,-76.255,0.0,1092.938,-574.315008,-47.398,41.665,-1460.691312,1.908,-151.148,-178.279424
-11.891,1647.562992,557.062016,2020-09-30 00:00:00,-0.2856483516483517,177.568,1189.216,138.984992,38.007,0.182,311.908,0.182,404.375008,13.702,-24.488,-186.068,35.289,1229.486,-26.858,183.642,1882.881024,289.404,-289.404,0.038,-19.447,2098.456016,418.076992,-288.723992,-12.787,138.984992,-11.709,9.65,2098.456064,2.19,-289.252,-0.5332099181368911,92,46.258,165.141,17.29,1920.888024,-358.312,0.0,45.5,-491.94,-24.488,-11.709,277.695008,32.503,-11.709,13.702,1902.328064,-22.926,56.991,13.702,-0.2915971239499185,-526.004992,-0.376,-11.709,0.0009910586902778,-24.668,868.970016,35.289,17.29,-22.926,418.076992,900.688992,277.695008,-479.152984,38.007,-1439.518312,1.471,-57.539,1229.486
-10.795,1628.217936,493.142016,2020-12-31 00:00:00,-0.2515652173913044,190.420992,1189.730944,92.839,19.857,66.338,321.993984,66.338,373.807008,25.607,-27.493,-66.103,21.984,1228.803944,-11.389,212.274,1833.661952,-56.74,56.74,0.038,-74.965,2043.939944,399.413992,-141.774,-405.299008,102.589,55.543,-14.812,2043.939968,-3.458,53.132,-0.0535790010588607,92,-39.314,112.452,25.0,1853.518952,53.647,0.0,57.5,1.432,0.0,55.543,-1.197,43.035,55.543,25.607,1908.626944,-50.419,70.528,25.607,-0.0290777661267828,-41.603,-0.036,55.543,0.3125111883697485,-14.847,815.136,21.984,25.0,-27.493,390.552992,773.902976,-1.197,406.731,19.857,-140.746,-4.973,-81.879,1228.803944
-41.877,1490.717016,406.478016,2021-03-31 00:00:00,0.611239323943662,245.48,1190.683008,112.359,38.458,149.771008,461.66,149.771008,237.203008,24.704,-38.795,113.622008,17.718,1228.810008,-10.291,307.391008,1813.010048,0.0,108.84,0.039,-126.072,2096.948024,261.907008,34.618,-1.357,144.571,107.894,47.379,2096.947968,-10.111,108.754,-0.0746319000833377,90,-10.653,155.343,35.45,1851.468048,111.063,0.0,71.0,-1.263,-38.795,107.894,-0.946,114.397992,107.894,24.704,1939.081984,-36.85,153.192992,24.704,-0.115928486601867,-117.606,1.495,107.894,0.4872328861356933,-20.402,868.138016,17.718,35.45,-36.85,261.907008,794.907008,-0.946,0.0939999999999798,38.458,-383.911744,-39.294,142.94,1228.810008
-71.263,1301.036952,326.804,2021-06-30 00:00:00,0.3037692307692309,248.016,1193.133952,106.185,39.189,188.764,611.537984,188.764,112.212,19.053,-64.603,405.055008,14.74,1169.771952,-11.995,351.646016,1820.909056,0.0,181.113104,0.039,-177.084,2108.113936,131.265,269.229,-0.004,195.539,119.624096,25.408,2108.114048,-9.418,177.179008,0.0,91,13.483,155.16,54.55,1860.098056,179.634008,2.1231,91.0,-8.051,-64.603,119.624096,-61.489,118.643,117.501,19.053,1997.99296,-60.106,183.246,19.053,0.092923755131146,-131.191,2.243,119.624096,0.5368011904335069,-21.413,938.341984,14.74,54.55,-60.106,131.265,1054.953024,-61.489,-8.046999999999997,39.189,271.352096,-67.559,308.579,1169.771952
