Non-Operating Income (Loss),StockBased Compensation,Line of Credit Available,Equity Charge,WACC Discount Factor,Other Accrued Liabilities,Operating Leases,Line of Credit,Total Current Liabilities,BALANCE SHEET,Total Liabilities & Equity,Operating Income,NonCash Items,Days in Period,Net Share Repurchases,"Cash, Cash Equivalents & STI",Misc LT Assets,Rental Expense - Years 2 - 5,"Selling, General & Admin",Revenue,ST Debt,-Net Share Repurchases,LTM Basic EPS,Rental Expense - Year 1,ST Capital Leases,Rental Expense Beyond Year 5,Dep & Amort,Work In Process,Total Liabilities / Tangible Assets,Current Liabilities,Other Adjustments,Free Cash Flow (LTM),Deferred Compensation,Other Operating Expenses,Free Cash Flow to Firm,ST Deferred Tax Assets,Cash (Repurchase) of Equity,Free Cash Flow to Equity,Deferred Tax Liabilities,Repayments of LT Debt,Other PostRet Benefits,Effect of Foreign Exchanges,Income (Loss) from Cont Ops,year + weight + convention,Free Cash Flow to Firm Model,Dividends,Net Extraordinary Losses (Gains),Net Cash From Disc Ops (fin),Period Weight,Pretax Income,LT Marketable Securities,ST Borrowings,Dividend Yield (LTM),Free Cash Flow per Share,LT Receivables,Prepaid Expenses,Cash % of Revenue,Diluted - Basic Shares,Diluted EPS,Operating Margin,Operating Expenses,Line of Credit Used,Interest & Dividends Payable,PP&E Gross,EBITDAR,A = L + SE,Inventories,Discontinued Operations NI,PV of Free Cash Flow to Firm,Pensions,Raw Materials,Other Non-Op Income (Loss),Bull,Discounted Residual Income (Bear)
-3.185,3071.546944,1308.521984,2011-03-31 00:00:00,0.0,505.870016,1885.890944,264.138,34.406,208.740992,539.702016,208.740992,295.854016,54.146,-334.688,838.736992,63.179,2721.546944,-14.727,428.630016,3338.063104,-12.640999999999991,12.8,0.855,-6126.581248,4569.770944,350.0,834.254,0.0,958.522,130.962,-41.365,4569.771008,-8.124,26.984,0.2120636155960167,90,-39.343,375.593008,115.24,4063.90112,101.432,-74.594,0.0,-59.98,-334.688,130.962,118.162,-69.411,205.556,54.146,9464.643584,-322.651,265.276992,54.146,0.1270556230870876,-2.606,1.569,130.962,0.0,-22.851,1848.224,49.356,115.24,-322.651008,350.0,1645.3,118.162,-57.374008,34.406,525.876304,-1.43,-38.215,2721.546944
1.03,3237.60096,1398.188032,2011-06-30 00:00:00,39.451851851851856,553.721984,1893.753984,260.996,32.764,240.862,598.339008,240.862,336.849984,13.15,-417.502016,866.691984,168.569,2887.60096,-10.617,467.248992,3606.210048,14.209007999999985,-14.2,0.856,-6210.882048,4884.128,350.0,866.906,-0.1,1048.188,152.548992,14.924,4884.127744,-6.959,-18.915,0.2074772253473543,91,30.451,446.446992,89.92,4330.406016,84.06,-89.343,-1.08,-40.996,-417.502016,152.548992,166.748992,-43.688,241.892,13.15,9817.092096,-408.893016,373.814016,13.15,0.1245431294886024,-5.917,1.737,152.548992,0.0,-17.576,1996.52704,48.692,89.92,-408.892992,350.0,1717.477984,166.748992,-35.079,32.764,545.172648,3.018,-124.811,2887.60096
1.578,3363.406976,1521.821952,2011-09-30 00:00:00,-11.383759398496242,501.876,1900.582016,265.704,33.01,198.05,576.323008,198.05,292.84,57.16,-470.536,866.488992,18.572,3013.406976,-9.39,435.556,3885.23392,-3.985,3.4,0.857,-6309.84704,5111.551936,350.0,867.37,-7.248,1171.822016,131.552,25.406,5111.552,-6.974,-5.132,0.1999887923598959,92,-24.372,441.049,55.7,4609.675904,120.393,-68.076,13.3,44.01,-470.536,131.552,128.152,-138.104,199.628,57.16,10195.081216,-386.677,332.432,57.16,0.1191061545840695,-13.24,1.458,131.552,0.0,-16.364,2098.14496,12.267,55.7,-275.182016,350.0,1760.304,128.152,-54.245,33.01,551.535696,3.604,-288.595,3013.406976
1.747,3535.612992,1610.42496,2011-12-31 00:00:00,0.7174450467623756,457.895008,1909.363968,301.692992,34.827,187.012992,616.339008,187.012992,402.593984,2.406,-436.075008,834.665984,58.583,3130.612992,-10.522,433.164992,4244.422912,-2.4122480000000053,2.55125,0.858,-6414.528,5357.37696,405.0,837.870016,-0.031,1205.42496,119.420248,26.981,5357.377024,-7.155,5.547,0.1838132266237999,92,10.578,287.282992,61.9,4899.48192,79.17,-69.339752,-67.148,-54.754,-436.075008,119.420248,116.869,-115.323,188.76,2.406,10658.951168,-422.720008,320.752,2.406,0.1086054518938514,47.214,1.309,119.420248,0.0,-17.677,2226.763968,48.467,61.9,-422.72,405.0,1764.600064,116.869,-46.968008,34.827,527.584864,2.532,-366.526016,3130.612992
3.862,3802.461952,1918.228992,2012-03-31 00:00:00,0.8955588753032967,465.123008,1912.982016,304.972,36.404,169.276,587.758016,169.276,567.593984,4.406,-411.263008,795.200992,14.356,3230.461952,-14.147,423.036,4543.490048,-2.2009999999999934,2.6,0.857,-6525.076992,5736.44896,572.0,803.418,0.0,1346.229024,108.707,-48.92,5736.449024,-6.874,11.11,0.1721194470472781,91,-51.064,426.266,75.47,5271.32608,78.587,-64.431,-84.07600000000001,2.0,-411.263008,108.707,106.107,-159.371008,173.138,4.406,11068.566528,-409.941008,251.892,4.406,0.0994017667795897,160.048992,1.263,108.707,0.4001456140848533,-21.021,2505.987008,8.48,75.47,-409.940992,572.0,1759.005984,106.107,8.950992,36.404,512.22824,4.726,-456.486008,3230.461952
3.269,4041.974016,2128.980992,2012-06-30 00:00:00,-0.5805839464660253,453.712,1920.637056,304.348,46.306,105.306,610.348992,105.306,653.068032,96.932,-373.432,659.644992,14.143,3291.974016,-12.634,353.121984,4839.85408,-3.057952,4.21595,0.86,-6638.310912,6031.304,750.0,670.101,-12.2,1378.98096,68.517952,-27.448,6031.304192,-7.403,9.709,0.1381662012866562,91,82.53,477.162992,55.12,5577.592064,52.53,-40.057048,-120.148,92.526,-373.432,67.224952,64.302,-50.392,108.575,96.932,11478.165504,-373.073,323.04,96.932,0.0784572158959225,142.559008,0.899,67.224952,0.2982142284293463,-20.037,2739.329984,7.205,55.12,-373.072992,750.0,1644.878976,64.302,114.371992,46.306,428.1972,7.829,-463.190008,3291.974016
2.167,4207.947008,2283.556096,2012-09-30 00:00:00,0.3593532246419396,427.558016,1932.448,324.913984,49.023,135.363008,651.752,135.363008,824.588992,5.411,-423.134016,596.958,9.257,3377.947008,-14.742,406.912,5145.242112,-3.399879999999996,3.39988,0.865,-6767.943168,6313.255104,830.0,608.003,-1.129,1453.556032,87.66188,53.479,6313.254912,-10.537,9.543,0.1198538153132593,92,-29.957,499.954016,58.55,5885.697088,67.412,-49.86812,-119.114,-91.521,-423.134016,87.66188,84.262,-161.918,137.53,5.411,11913.18528,-412.098016,261.216,5.411,0.0672758993583243,76.187,0.948,87.66188,0.332659169550173,-25.279,2935.308096,6.715,58.55,-428.924,830.0,1616.234976,84.262,-70.882016,49.023,384.30708,6.159,-487.004008,3377.947008
-3.577,4224.736,2184.553984,2012-12-31 00:00:00,0.1726787012862199,470.136992,1940.493952,313.200992,57.409,177.252992,645.862016,177.252992,680.462016,69.538,-503.039008,587.198016,17.035,3474.736,-12.905,440.868,5157.373952,-10.691040000000015,10.67704,0.866,-6899.057152,6305.152,750.0,592.918976,0.0,1434.553952,109.82904,24.503,6305.152,-5.666,-3.015,0.1133647728389398,92,56.54,287.834,57.73,5835.014976,58.953,-63.84696,-124.862,64.127,-503.039008,109.82904,99.152,-146.423008,173.676,69.538,12056.430592,-203.134016,356.616,69.538,0.0642068188176883,-89.355,1.018,109.82904,0.4020545650852409,-18.571,2830.416,1.138,57.73,-203.134,750.0,1623.938048,99.152,73.481984,57.409,374.406944,1.15,-534.929984,3474.736
-1.395,4424.592896,2369.731072,2013-03-31 00:00:00,1.150481212920237,444.496992,1942.306944,321.510016,54.74,146.827008,645.625024,146.827008,851.468032,18.532,-410.192,564.749008,19.38,3554.592896,-15.577,427.081984,5450.480128,-1.4338480000000118,1.51385,0.864,-7027.421184,6569.948992,870.0,565.213,0.0,1499.731072,91.440848,-14.767,6569.949184,-6.537,9.275,0.1049827091979905,90,-45.343,495.062992,75.44,6125.45216,66.056,-53.991152,-75.85000000000001,-51.006,-410.192,91.440848,89.927,-163.114,145.432,18.532,12477.9008,-409.217,247.078,18.532,0.0580916875853461,111.133,1.064,91.440848,0.3437911536909972,-22.114,3015.356096,0.539,75.44,-409.216992,870.0,1627.983968,89.927,-42.139,54.74,357.44972,2.616,-521.847008,3554.592896
2.033,4570.996992,2445.556992,2013-06-30 00:00:00,0.4351385784999686,486.540992,1949.245952,292.720992,55.98800000000001,187.227008,671.816,187.227008,887.468032,4.532,-391.420992,646.670016,33.473,3678.996992,-22.836,494.796,5633.609216,12.356480000000005,-10.20648,0.865,-7166.038016,6796.369984,892.0,645.898,0.0,1553.55696,119.35852,0.883,6796.36992,-10.172,-13.494,0.1165287554729133,91,-23.601,498.801008,64.99,6309.829248,66.629,-69.90148,-47.879,-14.0,-391.420992,117.22752,129.565,-68.713,189.26,4.532,12799.64672,-346.831992,322.708,4.532,0.0636577269480292,10.124,1.267,117.22752,0.378392323300916,-33.008,3117.372992,0.286,64.99,-346.832,892.0,1769.657984,129.565,-2.123992,53.593,408.290288,8.758,-540.168008,3678.996992
-4.405,4716.285056,2532.198912,2013-09-30 00:00:00,3.3061701464630726,496.872992,1960.028032,293.576,54.342,229.324992,705.88,229.324992,895.468992,4.531,-398.599008,740.632,31.72,3816.285056,-19.003,555.238976,5882.916864,-0.3955520000000092,3.07255,0.868,-7318.136832,7054.363968,900.0,733.288,-0.1,1632.198976,141.442544,10.044,7054.36416,-5.854,9.47,0.1272032806085472,92,-23.027,514.494992,96.4,6557.49088,94.64,-83.477448,-6.418,-0.001,-398.599008,139.067552,138.37,-27.637,224.92,4.531,13201.053696,-375.204008,370.961984,4.531,0.0691328724301936,4.241,1.55,139.067552,0.4130203424335975,-24.857,3238.078912,4.9,96.4,-375.204,900.0,1917.98496,138.37,3.757976,51.625,462.070952,2.263,-405.887008,3816.285056
1.829,4946.208,2547.760128,2013-12-31 00:00:00,0.1865507212315285,469.139008,1970.98496,163.919008,51.209,324.08,683.166976,324.08,918.651008,4.531,-423.988992,887.459008,30.614,4022.208,-20.05,516.846016,6112.555008,4.2450959999999895,1.0959,0.872,-7651.359744,7253.135104,924.0,885.521024,0.0,1623.760032,207.922896,4.78,7253.134848,136.318,-147.195008,0.1462952584413062,92,28.131,316.917,104.91,6783.996032,-25.290008,-117.986096,-34.039,0.0,-423.988992,202.895904,206.827008,-40.389,325.908992,4.531,13763.914752,-400.192992,383.6,4.531,0.0825265985698667,16.184,1.404,202.895904,0.6270339520233431,116.268,3230.927104,1.625,104.91,-399.784,924.0,1993.963008,206.827008,7.407008,51.209,559.459648,6.878,-299.852992,4022.208
0.203,5172.736832,2741.912064,2014-03-31 00:00:00,1.087005906406179,514.678016,1971.815936,177.798,49.287,230.947008,728.985984,230.947008,1019.651968,4.53,-439.894016,971.579008,22.526,4147.736832,-20.712,594.428992,6434.438144,-4.792200000000008,7.1162,0.87,-7650.755072,7618.63488,1025.0,971.238992,0.0,1716.911984,145.5732,-25.339,7618.634752,-3.827,11.035,0.1564410242812186,90,-60.868,552.072,119.11,7103.95712,96.504,-85.5768,-44.02,-0.001,-439.894016,143.2892,138.456992,-91.87,231.15,4.53,14085.192704,-439.790016,348.024,4.53,0.0865903409065895,91.765,1.516,143.2892,0.3885190848833968,-24.539,3470.898048,1.226,119.11,-439.790016,1025.0,2161.309984,138.456992,9.233984,49.287,614.29716,6.955,-228.609,4147.736832
-4.02,5786.63104,3311.18592,2014-06-30 00:00:00,2.9301164649026266,686.352,1976.029056,184.98,60.299,241.855008,801.190016,241.855008,1371.444992,128.555,-750.286976,1026.207008,23.063,4286.63104,-16.571,635.651968,7032.123904,1.381951999999984,0.93405,0.87,-7838.006784,8399.006976,1500.0,1019.814,-11.218,1811.185952,149.574048,24.806,8399.007232,-3.66,4.527,0.158810002540676,91,-21.367,595.211,143.46,7712.654912,95.833,-88.260952,-83.596,124.025,-750.286976,147.258048,148.64,-328.542016,237.835008,128.555,14870.130688,-748.775976,421.744992,128.555,0.0848301008330247,451.056,1.713,147.258048,0.3804833779732748,-20.231,4112.375936,1.432,143.46,-748.776,1500.0,2302.165952,148.64,147.969016,60.299,644.512688,4.129,-488.438016,4286.63104
0.249,5929.974016,3398.477056,2014-09-30 00:00:00,-1.33584230163694,1110.53696,1989.12896,187.815008,59.215,212.868384,815.643008,212.868384,936.342976,563.657024,-517.772992,1009.7504,23.166,4429.974016,-20.24,649.529024,6854.110208,12.622000000000014,-10.338,0.872,-8049.015808,8644.09408,1500.0,1008.011392,-0.398,1898.477024,133.977,43.842,8644.093952,-9.886615,-13.656,0.1515870764046739,92,62.453,597.461984,126.53,7533.557184,74.654,-79.140384,46.367,435.102016,-517.772992,131.57,144.315008,-15.572,213.117392,563.657024,14903.126016,-59.259008,502.200992,563.657024,0.0811604731439245,-7.84,1.513,131.57,0.3277272856709171,-30.126616,4214.120064,1.929,126.53,-59.259,1500.0,2396.456,144.315008,442.941984,59.215,637.047144,11.123,-476.373016,4429.974016
-4.465,5983.807872,3431.510016,2014-12-31 00:00:00,-0.1900297304219047,931.804032,1997.955968,193.628,41.691,125.678,776.326976,125.678,1077.314048,405.862016,-492.876992,811.23456,24.49,4500.631936,-23.637,552.206976,7114.74176,-0.5524000000000058,0.6071,0.876,-8257.502208,8708.468928,1483.175936,803.201536,0.0,1948.334048,76.399104,-23.023,8708.468736,-4.208,-1.077,0.1162894855989936,92,4.935,612.385008,106.0,7776.664768,47.132,-44.8139,-179.614,-157.795008,-492.876992,76.3964,75.792,-145.482,121.213,405.862016,15372.243968,-492.641992,347.395008,405.862016,0.0633331533814892,-12.548,0.8,76.3964,0.2275921990525523,-27.845,4207.836992,1.659,106.0,-492.641984,1483.175936,2431.81696,75.792,-145.246984,41.691,505.449344,5.573,-579.496,4500.631936
-8.254,5586.137984,3220.71808,2015-03-31 00:00:00,0.3766910986431102,561.185024,2012.331008,198.088992,58.064,-31.827,553.195008,-31.827,1379.068032,120.932,-389.953984,548.574392,19.08,4086.137984,-15.938,361.001984,6620.570112,-383.124,383.224992,0.877,-9067.930624,7860.051072,1500.0,532.0844,0.0,1720.717984,-31.716,-146.168992,7860.050944,-5.679,608.691968,0.0779217948217103,90,-73.772,411.355016,115.09,7298.866112,385.10796,8.365,-201.048,-284.929984,-389.953984,-31.716,-414.940992,-276.780992,-40.081,120.932,15688.501248,-388.773984,113.173,120.932,0.0424111140243415,-9.329,-0.382,-31.716,-0.0881629503731481,-21.617,3773.913088,1.0,115.09,-388.774016,1500.0,2198.389952,-414.940992,-275.600984,58.064,328.234152,3.585,-764.648,4086.137984
-8.873,5696.163072,2873.456896,2015-06-30 00:00:00,-1.3774202513664575,1267.44896,2737.953024,196.168,56.315,33.902,498.884,33.902,643.12,856.88,-245.15,340.621384,16.034,4196.163072,-14.054,424.283008,5624.507904,-614.906,614.614016,0.945,-10242.41664,7568.503968,1500.0,319.278392,-22.563,1373.45696,14.399,-15.062,7568.503808,-5.235,970.147968,0.0443108960369873,91,5.014,334.213008,110.31,6301.054912,633.079968,-10.63,-32.383,735.948032,-245.15,14.399,-600.214976,12.222,25.029,856.88,15866.925056,-237.097,257.372,856.88,0.0241814899662659,715.673024,-0.021,14.399,0.0799042133688276,-19.289,3372.340896,0.865,110.31,-237.096992,1500.0,1987.020992,-600.214976,20.275,56.315,193.059104,3.854,-423.883984,4196.163072
-11.941,4933.967104,2421.286912,2015-09-30 00:00:00,-1.188665292572022,1238.461056,2754.714112,187.916,54.831,-1.194,481.108,-1.194,600.688,899.312,-194.01,126.559,13.993,3433.967104,-20.413,356.055008,4422.83776,-749.535,748.926016,0.946,-11597.715456,6336.362016,1500.0,93.026,-0.1,921.287008,-14.358,-31.862,6336.361984,-4.797,1192.300032,0.0106847453099954,92,27.448,358.38,102.48,5097.900736,753.56804,-1.223,-63.557,42.432,-194.01,-14.358,-763.283968,11.991,-13.135,899.312,16020.552704,-163.843,206.000992,899.312,0.0059709936988662,0.274,-0.08,-14.358,-0.0033534144252227,-25.21,2902.394912,1.4,102.48,-163.843008,1500.0,1693.546976,-763.283968,42.157992,54.364,44.724104,2.375,-396.320984,3433.967104
-12.513,4283.297936,2035.540992,2015-12-31 00:00:00,0.0855209715067196,1077.929984,2763.923968,197.216,38.969,-36.034,410.067008,-36.034,706.238016,779.382016,-220.522,-35.166,18.609,2797.677968,-24.283,311.279008,3506.155008,-269.462192,269.600192,0.948,-12710.96832,5243.285968,1485.619968,-76.747,-1.97,549.920992,-360.907808,-45.688,5243.286016,-4.691,963.668992,-0.0149914160181159,92,-10.772,314.323,89.38,4165.356032,594.466008,-312.3608,-97.251,-119.93,-220.522,-360.907808,-630.508032,-105.568,-48.547,779.382016,16217.122816,-218.891,114.954,779.382016,-0.0078421676659931,-15.993,-0.221,-360.907808,-0.115761098801754,-28.974,2445.608,0.828,89.38,-218.891008,1485.619968,1452.619008,-630.508032,-103.937,38.468,-54.706,1.796,-358.136,2797.677968
-14.251,4100.542048,1929.837952,2016-03-31 00:00:00,-0.1930750325285528,931.089984,2774.202112,195.202,35.97,-25.845,357.092,-25.845,809.571968,676.638976,-185.872,-29.171,17.643,2614.331104,-13.897,245.668,3313.968896,-205.428,205.512992,0.948,-13057.470464,4901.261056,1486.210944,-76.749,-0.345,443.626992,-25.946,-29.333,4901.2608,-5.618,328.948992,-0.1154584262444402,91,3.814,269.028008,97.27,3970.17088,202.413992,14.15,-124.506,-102.743,-185.872,-25.946,-231.459008,-100.467,-40.096,676.638976,16371.438592,-172.813,85.405,676.638976,-0.060622734678019,-15.335,-0.395,-25.946,-0.1052029568360551,-19.515,2286.929952,0.35,97.27,-172.812992,1486.210944,1337.285024,-231.459008,-87.408,35.548,-386.812808,1.65,-181.822,2614.331104
-13.18,3833.59696,1781.694976,2016-06-30 00:00:00,-0.6884376875375074,917.606976,2776.754944,199.244992,35.17,46.751,403.326016,46.751,845.056,641.739008,-157.300992,-16.322,8.382,2346.801952,-21.424,302.732,2958.813952,-235.208,235.403008,0.95,-13569.032192,4531.822944,1486.795008,-68.207,-3.737,294.899992,20.949,22.991,4531.823104,-7.514,372.352992,-0.1162356230256993,91,-14.483,275.718,119.32,3614.215936,257.481992,-12.622,-79.984,-34.9,-157.300992,20.949,-214.454,-24.92,33.571,641.739008,16527.8464,-157.164992,132.381,641.739008,-0.0628516585982301,-10.116,-0.012,20.949,0.1544303212081973,-28.938,2185.020992,2.173,119.32,-157.164992,1486.795008,1215.734016,-214.454,-24.783992,35.17,-380.262808,2.011,-218.964,2346.801952
-11.682,3820.652992,1764.146944,2016-09-30 00:00:00,-4.185607550137632,966.502976,2775.753984,188.154,33.488,92.576,441.318016,92.576,788.675008,698.696,-166.295008,77.448,5.915,2333.281984,-20.118,336.508,2918.523904,-60.727,61.014,0.95,-13756.310528,4538.746944,1487.371008,25.822,-7.375,276.776,50.341,38.455,4538.74688,-5.943,98.486,-0.1094330427505197,92,41.059,311.979008,134.37,3572.243904,100.306,-30.553,-17.801000000000002,56.957,-166.295008,50.341,-10.673,56.707,80.894,698.696,16674.835456,-154.418008,223.002,698.696,-0.0580341423605633,-11.627,0.356,50.341,0.2751078726211561,-26.061,2205.46496,1.315,134.37,-154.418,1487.371008,1196.187008,-10.673,68.583992,33.485,-315.563808,3.828,-174.248,2333.281984
-16.767,3530.927872,1672.382976,2016-12-31 00:00:00,-0.4222008207017838,969.304,2764.402944,181.874,88.456,140.048992,522.352,140.048992,835.062976,652.876032,-212.659008,248.968992,8.516,2042.988928,-18.462,384.436,2559.731968,-18.649,18.585,0.951,-14349.504512,4237.723904,1487.938944,197.652,-15.267,184.444,66.368,13.938,4237.723904,-6.203,29.038,0.0467646307551256,92,-33.679,353.266992,135.9,3268.419968,79.861,-56.914,-47.764,-45.82,-212.659008,66.368,47.783,-27.598,123.282,652.876032,16909.237248,-208.014008,185.060992,652.876032,0.023876359365733,-22.867,0.606,66.368,0.3642972874548689,-24.665,2194.734976,1.181,135.9,-208.014,1487.938944,1264.781952,47.783,-22.953016,32.621,113.186,-1.345,-95.937,2042.988928
-12.201,3699.449024,1675.728,2017-03-31 00:00:00,3.3438213338268867,949.227008,2772.24704,187.228,45.67,171.558,507.321984,171.558,909.592,578.908032,-319.923008,450.933992,13.69,2210.949056,-18.034,441.116,2778.870016,33.907,-31.25,0.951,-14692.076544,4393.99904,1488.499968,397.103992,-0.964,187.228,99.722,28.342,4393.998848,-6.904,-45.554,0.097455481217074,90,-16.32,355.108016,119.49,3444.772032,39.046,-59.635,-16.209,-73.968,-319.923008,97.467,130.972,-70.409,159.356992,578.908032,17470.947328,-314.977008,249.514,578.908032,0.0510754963259311,-8.505,0.866,97.467,0.3889181077086299,-24.938,2183.049984,1.594,119.49,-314.976992,1488.499968,1464.792,130.972,-65.463008,32.808,237.38,2.21,-66.22,2210.949056
-12.422,3797.851968,1725.004032,2017-06-30 00:00:00,0.0580916351408155,927.875968,2775.549952,190.584992,33.315,174.304,526.220992,174.304,966.502016,519.595008,-280.457984,578.486992,27.264,2311.754944,-19.762,456.795008,2981.556992,-1.8790000000000049,3.746,0.953,-14530.250752,4562.979968,1486.097024,525.414992,-29.286,238.906992,101.008,-7.024,4562.97984,-6.559,7.777,0.1346086382541414,91,-23.507,383.180008,94.01,3635.104,72.687,-60.874,-23.79,-59.313,-280.457984,99.365,97.262,-25.172,161.882,519.595008,17511.809024,-275.846984,255.286,519.595008,0.069806680134707,-38.752,0.948,99.365,0.3815803521215363,-26.321,2251.225024,1.567,94.01,-275.847008,1486.097024,1618.855008,97.262,-22.450968,32.873,317.439,2.231,-66.472,2311.754944
-6.902,3888.57216,1774.365952,2017-09-30 00:00:00,0.5949605693402577,894.131968,2774.21312,187.95,32.071,168.624992,592.625024,168.624992,1063.700992,422.808,-333.927008,654.535984,13.594,2402.063104,-21.039,466.656992,3222.61888,-10.428000000000011,12.234,0.953,-14629.883904,4769.05408,1486.509056,606.244,-6.581,287.857,103.633,34.875,4769.054208,-7.133,21.337,0.1542700661565808,92,-32.901,432.268992,113.67,3874.921856,79.614,-58.09,-51.99,-96.787,-333.927008,102.061,91.399,-82.922,161.723008,422.808,17852.502016,-333.811008,251.004992,422.808,0.0796602756107372,-13.981,0.962,102.061,0.361346759805969,-28.172,2366.990976,2.757,113.67,-333.811008,1486.509056,1749.004,91.399,-82.806016,31.942,370.731,4.563,-206.101,2402.063104
-9.006,4055.198048,1794.786944,2017-12-31 00:00:00,-1.0988484753992471,935.635008,2765.338112,201.980992,34.32,213.384992,679.574016,213.384992,1086.386048,400.534016,-345.196992,727.870976,25.205,2568.278112,-21.161,552.049024,3452.452096,41.863928000000016,-41.469928,0.954,-14748.832768,5042.639072,1486.919936,687.340032,-14.15,307.866992,133.226072,40.897,5042.638848,-6.974,30.972,0.1893521256578539,92,-16.339,450.234992,122.01,4107.004096,39.92,-71.152928,44.897,-22.274,-345.196992,133.226072,174.696,-4.438,204.379008,400.534016,18201.284608,-341.261992,340.759008,400.534016,0.0940861084133621,-21.771,1.401,133.226072,0.3865326859087065,-28.135,2474.36096,1.536,122.01,-341.262016,1486.919936,1916.615936,174.696,-0.502984,32.234,436.576608,2.338,-181.914,2568.278112
-7.406,4238.923136,1850.47296,2018-03-31 00:00:00,-16.383623957543595,977.990016,2762.521088,200.652,42.995000000000005,234.124992,658.297984,234.124992,1023.52,463.809984,-342.511008,790.438976,44.709,2751.593088,-23.321,554.745024,3619.147008,15.151999999999989,-12.676,0.954,-14869.223424,5260.364032,1487.330048,754.703024,-0.305,363.143008,173.642,-28.863,5260.363776,-6.933,-15.622,0.2037778450350627,90,15.859,409.434984,93.5,4282.374016,48.057,-53.077,-2.638,63.276,-342.511008,170.976,186.318,40.582,226.719008,463.809984,18488.369152,-312.255008,383.092992,463.809984,0.1059643379726442,-7.562,1.751,170.976,0.4220407247853024,-30.254,2508.770944,1.354,93.5,-312.255008,1487.330048,2030.246048,186.318,70.837984,33.554,511.509072,4.567,-71.95,2751.593088
-9.44,4374.23696,1907.936,2018-06-30 00:00:00,-1.9948829061405124,990.142016,2771.485952,207.336,37.235,206.672,736.958976,206.672,1076.915968,410.823008,-364.408,822.806976,81.289,2886.497952,-19.739,548.744,3883.783936,-8.826008000000002,10.91,0.954,-15000.44288,5531.392928,1487.739008,790.053024,-0.641,420.197,151.907008,1.445,5531.393024,-8.347,17.195,0.2140250161465018,91,-28.265,465.610008,101.74,4541.250944,63.073,-45.325,43.384,-52.987,-364.408,150.015008,140.996992,-43.162,197.232,410.823008,18884.227072,-359.297,321.246016,410.823008,0.1114300189971663,-14.936,1.641,150.015008,0.3766273526453136,-28.086,2644.894976,0.927,101.74,-359.296992,1487.739008,2122.19504,140.996992,-38.050984,34.905,562.40808,2.605,-89.94,2886.497952
-4.158,4513.968992,1947.267968,2018-09-30 00:00:00,0.9396925965035786,1427.714944,2779.15904,200.452992,37.847,250.202,845.345024,250.202,624.201024,863.945984,-519.601984,904.383984,36.8,3025.822048,-21.148,590.988992,3732.641024,-38.646008,41.254,0.956,-15124.11136,5818.43504,1488.146944,874.374016,-5.464,459.120992,189.608,91.576,5818.435072,-16.452,52.613,0.2364663473999753,92,64.792,554.173008,92.94,4390.72,102.133,-56.436,-34.092,453.123008,-519.601984,187.539008,148.354,-66.128,246.044,863.945984,18856.751104,19.388032,453.473984,863.945984,0.1224809891850015,-19.739,1.595,187.539008,0.4233615234579529,-37.6,2792.612992,1.491,92.94,19.388,1488.146944,2246.52704,148.354,472.862016,37.693,648.38308,7.544,-73.146,3025.822048
-3.457,4818.340032,2023.59104,2018-12-31 00:00:00,-0.3851828329954322,1424.139008,2786.146048,198.296992,44.697,245.580992,708.707008,245.580992,687.888,800.665984,-443.520992,936.579968,113.72,3329.786048,-16.642,620.110016,3973.016064,124.481992,-126.467,0.958,-15287.75168,6062.084096,1488.553984,912.118976,-5.832,535.036984,189.715008,-52.164,6062.084096,-6.663,-165.188,0.2357804232499227,92,-34.971,486.269008,61.65,4637.945088,-68.09,-52.409,-81.878,-63.28,-443.520992,189.715008,316.182016,-50.34,242.124,800.665984,19260.768256,-433.453992,393.180992,800.665984,0.1272271287743709,-23.007,1.784,189.715008,0.3960281009233046,-23.305,2732.298048,4.227,61.65,-433.454016,1488.553984,2314.587904,316.182016,-40.373,35.451,706.411008,8.192,-92.77,3329.786048
-9.422,6105.326024,2804.295936,2019-03-31 00:00:00,0.2959012587701196,596.208,3230.951936,204.663008,68.96300000000001,162.78,909.913984,162.78,2241.413888,20.93,-350.569984,865.234992,46.776,3842.98192,-29.084,567.905984,6164.448256,-89.417,91.011,1.014,-15462.463488,7557.19184,2262.344104,838.758,-0.654,610.713024,117.327,-134.947008,7557.192192,-6.721,119.543,0.1970274447895623,90,-100.971,547.982992,69.9,6960.984256,134.329,-36.031,-77.536,-779.736,-350.569984,116.882,26.316,-100.479,153.358,20.93,21626.912768,-345.369984,250.091008,20.93,0.1010964988360564,-400.016,1.352,116.882,0.2866319506856966,-35.805,3714.20992,2.811,69.9,-629.811008,2193.583104,2327.748992,26.316,-415.041904,68.337,647.905016,2.241,-260.109,3842.98192
-5.702,6181.275,2837.754112,2019-06-30 00:00:00,-2.2960802374373146,520.056,3224.346112,221.842,70.739,114.526,814.667008,114.526,2218.348032,19.414,-401.328,773.088992,54.974,3943.51312,-24.911,552.700032,6277.565952,29.535,-26.365,1.015,-15659.363328,7595.93424,2237.76188,750.35,0.0,662.110992,82.944,-6.086,7595.934208,-7.084,-28.971,0.169984818568025,91,77.63,516.285984,59.33,7075.877952,11.569,-25.88,-9.771,-1.516,-401.328,80.078,109.309,12.664,108.824,19.414,21936.928768,-392.861,413.992,19.414,0.0882040948272751,-22.647,1.128,80.078,0.2072118570096265,-31.995,3652.42112,3.032,59.33,-392.860992,2175.64288,2331.705024,109.309,37.208,70.126,578.942008,2.167,-204.283,3943.51312
-8.182,6222.764832,2851.328,2019-09-30 00:00:00,-1.7107154757937828,556.579008,3235.335936,219.584992,78.884,135.642,796.699008,135.642,2227.702016,23.885,-305.144,658.528992,58.252,3971.177952,-15.499,584.001024,6231.905792,28.849999999999994,-27.88,1.018,-15979.664384,7619.20496,2251.58688,631.766,-1.752,666.948984,95.967,-3.146,7619.20512,-16.925,-40.726,0.1384803172059959,92,-40.655,496.757,47.94,7062.625792,6.71,-31.493,-21.007,4.471,-305.144,92.799,123.847,14.93,127.46,23.885,22211.569664,-289.405,320.073984,23.885,0.0722300941334804,-23.825,0.939,92.799,0.2322632913739548,-32.424,3648.027008,2.647,47.94,-291.777984,2184.37888,2324.717056,123.847,28.215984,73.169,485.301008,0.14,-123.225,3971.177952
-8.107,5893.182104,2723.646976,2019-12-31 00:00:00,-37.0623405030988,621.486016,3244.346112,214.787008,71.689,162.468992,758.620992,162.468992,2140.699008,94.722,-260.89,575.489984,30.287,3657.76112,-26.349,645.230976,5729.98912,-504.476,504.465984,1.021,-16723.544064,7140.029088,2235.420984,544.076992,-2.823,554.229008,120.375,-41.123,7140.028928,-6.642,650.707008,0.1280676674521222,92,-56.178,467.997984,52.49,6518.543104,547.441008,-33.987,-2.743,70.837,-260.89,120.375,-384.091008,98.919,154.362,94.722,22453.532672,-260.247,359.808992,94.722,0.0679906289522158,-25.54,1.229,120.375,0.2517997400050427,-32.991,3482.267968,1.584,52.49,-263.432,2169.417984,2349.83808,-384.091008,98.424008,71.109,448.809984,1.193,24.816,3657.76112
-9.128,5105.425904,2722.127104,2020-03-31 00:00:00,1.1085340736097429,676.590976,3274.900992,215.476992,76.969,82.563,625.099008,82.563,2145.6,88.706,-285.244992,495.199992,212.799992,2871.12,-25.509,515.944,5464.78592,-829.9406079999999,831.759616,1.021,-17255.3216,6218.346112,2234.305904,464.081,-0.165,553.779,57.477608,-117.235,6218.345984,-6.645,875.580032,0.1059053607718364,91,2.37,417.290016,16.83,5541.75492,865.617032,-15.957393,11.167,-6.016,-285.244992,55.658608,-774.281984,23.546,73.435,88.706,22720.106496,-284.233992,308.791008,88.706,0.0517966853188444,-23.323,0.362,55.658608,0.1600231808103205,-32.154,3347.226112,2.278,16.83,-291.484,2168.347904,2297.876032,-774.281984,2.603016,69.848,356.763608,0.871,150.059,2871.12
-13.604,4130.662056,2432.546048,2020-06-30 00:00:00,-2.649070695069168,424.102016,3242.266112,217.518,68.688,-54.025,504.775008,-54.025,2154.352896,43.842,-164.136992,326.648992,84.25,1932.467104,-26.226,313.324,4376.997888,-870.8969999999999,872.734976,1.022,-18373.654528,4869.78816,2198.194952,287.628,-0.024,291.252,-52.412,-84.832,4869.78816,-6.877,1137.856,0.0751242309596047,91,0.178,293.494016,27.49,4445.685888,873.059992,15.217,11.783,-44.864,-164.136992,-54.25,-925.147008,-19.431,-67.629,43.842,22750.652416,-163.129992,144.706,43.842,0.035522627805086,-26.44,-0.476,-54.25,-0.1724253488401782,-33.103,2937.321056,2.41,27.49,-163.13,2141.293952,2058.5,-925.147008,-3.372992,68.688,221.407608,-3.496,117.964,1932.467104
-9.503,3816.950952,2384.594944,2020-09-30 00:00:00,0.742700859813084,634.028992,3227.847936,227.007008,91.741,74.578,595.953024,74.578,1918.572032,272.956992,-72.724,265.584992,45.673,1625.421984,-28.598,415.332992,3880.199936,-343.541,345.108992,1.02,-18862.338048,4605.969952,2191.528968,225.243,-2.316,253.055008,52.369,47.191,4605.96992,-9.905,432.535008,0.0641973327938199,92,22.529,315.495992,24.33,3971.940936,369.778008,-12.706,107.0,229.115008,-72.724,50.801,-292.74,186.468992,65.075,272.956992,22742.53824,-3.014,259.192992,272.956992,0.0290890899178487,-27.064,0.234,50.801,0.1795619453221766,-38.503,2980.547968,0.218,24.33,-3.014,2131.539968,1889.831968,-292.74,253.844992,68.818,177.809608,1.572,279.067992,1625.421984
-10.109,3771.290048,2371.52896,2020-12-31 00:00:00,-0.0798641136504015,657.337984,3212.591104,231.776,91.881,122.5,660.225024,122.5,1907.910016,273.144992,-116.992,228.416,14.558,1590.23508,-30.672,433.240992,3872.770048,-66.603,66.603,1.029,-18987.354112,4621.989064,2181.054968,186.072,-1.951,249.525,91.314,-1.648,4621.988864,-5.207,88.804,0.0535660201803058,92,-65.109,325.138992,37.51,3964.651048,97.319,-21.077,80.95,0.188,-116.992,91.314,24.711,74.485,112.391,273.144992,22860.12416,-116.619,191.476992,273.144992,0.0241871751115269,-70.042,0.6920000000000001,91.314,0.282752560958036,-35.879,3031.753984,0.597,37.51,-121.247,2122.003968,1677.842048,24.711,29.039992,69.067,142.244992,1.593,265.068992,1590.23508
-11.374,3868.200136,2378.562048,2021-03-31 00:00:00,0.3591087745145028,988.084992,3194.788096,225.719008,71.399,279.027008,886.012992,279.027008,1643.856,523.798016,-133.538,422.080008,6.477,1700.54612,-25.26,616.931968,3905.63712,0.0,75.644,1.028,-19083.053056,4965.12116,2167.654016,377.489992,0.0,268.028008,203.726,102.24,4965.121024,-7.616,105.437,0.1288976686935493,90,7.74,393.661984,59.39,3977.03612,154.156,-63.927,198.199,250.652992,-133.538,200.375008,128.082,269.374,267.652992,523.798016,22988.691456,-128.118,402.912,523.798016,0.0527559118811682,-23.831,2.055,200.375008,0.4522816493114521,-32.876,3264.57504,0.429,59.39,-128.428,2110.534016,1778.829952,128.082,273.055,69.023,294.997,0.139,510.897008,1700.54612
-11.525,3950.155056,2346.370048,2021-06-30 00:00:00,0.0147937545655681,1311.187968,3173.680128,176.299008,76.285,293.660992,1067.982976,293.660992,1358.006016,799.315008,-170.574,769.766,9.068,1792.83412,-24.978,626.243968,3819.714048,0.0,102.19,1.028,-19176.876032,5207.187144,2157.320936,727.254992,-2.191,246.714008,215.578,17.974,5207.186944,-7.869,124.967,0.3077972774404613,91,-30.358,426.838,72.45,3895.999048,167.395,-66.558,190.283,275.516992,-170.574,212.607008,113.388,193.098,282.136,799.315008,22996.590592,-56.719,363.672,799.315008,0.1117373009637635,-31.438,1.899,212.607008,0.4689242643531539,-32.847,3414.353024,0.999,72.45,-56.717,2099.655936,2091.74992,113.388,305.011,73.827,562.987,0.459,723.426008,1792.83412
